% chapter 1 

@book{Hurford:1998,
  title = {Approaches to the Evolution of Language: {S}ocial and cognitive bases},
  year = {1998},
  address = {Cambridge},
  editor = {Hurford, James R. and Studdert-Kennedy, Michael and Knight, Chris},
  publisher = {Cambridge University Press}
}

@incollection{Hawkins:1992,
  author = {Hawkins, John A.},
  title = {Innateness and Function in Language Universals},
  year = {1992},
  booktitle = {The Evolution of Human Languages},
  editor = {Hawkins, John A. and Gell-Mann, Murray},
  pages = {87-120},
  publisher = {Addison-Wesley},
  series = {Santa Fe Institute, Studies in the Sciences of Complexity}
}

@BOOK {Velichkovsky:1996,
    author    = "Velichkovsky, Boris M. and Rumbaugh, Duane M.",
    title     = "Communicating Meaning. The  Evolution and Development of Language",
    publisher = "Lawrence Erlbaum Associates",
    year      = "1996",
    address   = "Mahwah, New Jersey, USA"
}

@BOOK {Osherton:1995,
    editor    = "Osherton, Daniel M.",
    title     = "An Invitation to Cognitive Science",
    publisher = "The MIT Press",
    year      = "1995",
    series    = "An Invitation to Cognitive Science",
    address   = "Cambridge, MA, USA"
}

@BOOK {Nilsson:1998,
    editor    = "Nilsson, Nils J.",
    title     = "Artificial Intelligence",
    publisher = "Morgan Kaufmann",
    year      = "1998",
    address   = "Menlo Park, Ca."
}

@book{Briscoe:1999, 
	Author = {Briscoe, Ted},
	Title = {Linguistic Evolution through Language Acquisition: {F}ormal and Computational Models},
	Publisher = {Cambridge University Press},
        Address = "Cambridge, UK", 
	Year = {1999}}

@BOOK {Luger:1994,
    author    = "Luger, George F.",
    title     = "Cognitive Science. The Science of Intelligent Systems",
    publisher = "Academic Press",
    year      = "1994",
    address   = "San Diego, USA"
}

@book{Deacon:1998,
	Author = {Deacon, Terence W.},
	Title = {The Symbolic Species: {T}he Co-Evolution of Language and the Brain},
	Publisher = {W. W. Norton},
	Address = {New York},
	Year = {1997}
}

@book{Wittgenstein:1953,
  author = {Wittgenstein, Ludwig},
  title = {Philosophical Investigations},
  year = {1953},
  address = {New York},
  publisher = {Macmillan}
}

@article{Newell:1976, 
	Author = {Newell, Allen and Simon, Herbert A.},
	Journal = {Communications of the ACM},
	Number = {13},
	Pages = {113--126},
	Title = {Computer Science as Empirical Inquiry: {S}ymbols and Search},
	Volume = {19},
	Year = {1976}
}

@book{Chomsky:1968, 
	Address = {New York},
	Author = {Chomsky, Noam},
	Publisher = {Praeger},
	Title = {Knowledge of Language: {I}ts Nature, Origins, and Use},
	Year = {1986}}

@book{Pinker:1994,
  author = {Pinker, Steven},
  title = {The language instinct: {H}ow the mind creates language},
  year = {1994},
  address = {New York},
  publisher = {W. Morrow}
}

@BOOK {Newborn:1996,
    author    = "Newborn, Monty",
    title     = "Kasvarov versus Deep Blue Computer Chess Comes of Age",
    publisher = "Springer-Verlag",
    year      = "1996",
    address   = "Berlin, Germany"
}

@BOOK {Wunsch:1998,
    author    = "Wunsch, Susi",
    title     = "The Adventures of Sojourner: {T}he Mission to Mars that Thrilled the World",
    publisher = "Mikaya Publishing",
    year      = "1998",
    address   = "NY, USA"
}

@book{nilsson98artificial,
	Address = {San Mateo, California},
	Author = {Nilsson, Nils J.},
	Publisher = {Morgan Kaufmann},
	Title = {Artificial Intelligence: {A} New Synthesis},
	Year = {1998}}

@book{Russell:1998, 
  author = {Russell, Sturart J. and Norvig, Peter},
  title = {Artificial Intelligence: {A} Modern Approach},
  year = {2003},
  address = {Upper Saddle River, New Jersey 07458},
  edition = {Second},
  isbn = {0-13-080302-2},
  publisher = {Prentice Hall, Inc.}
}

@book{Arkin:1998, 
	Author = {Arkin, Ronald. C.},
	Publisher = {MIT Press},
	Title = {Behavior-Based Robotics},
	Year = {1998}}

@BOOK{Clancey:1997, 
	ADDRESS="Cambridge, UK",
	AUTHOR="Clancey, William J.",
	PUBLISHER="Cambridge University Press",
	TITLE="Situated cognition : {O}n human knowledge and computer representations",
	YEAR="1997"}

@book{Nicolis:1989,
  author = {Nicolis, Gr\'egoire and Prigogine, Ilya},
  title = {Exploring Complexity: {A}n Introduction},
  year = {1989},
  address = {New York},
  publisher = {W. H. Freeman}
}

@book{Langton:1995,
  title = {Artificial Life: {A}n Overview},
  year = {1995},
  address = {Cambridge, MA},
  editor = {Langton, Christopher G.},
  publisher = {The MIT Press, A Bradford Book}, 
}

@BOOK {Obrist:1999,
    author    = "Obrist, Hans-Ulrich and Vanderlinden, Barbara",
    title     = "Laboratorium",
    publisher = "Dumont Verlag",
    year      = "1999",
    address   = "Cologne, Germany"
}

@article{Turing:1950, 
	Author = {Turing, Alan},
	Journal = {Mind},
	Pages = {433--460},
	Title = {Computing Machinery and Intelligence},
	Volume = {59},
	Year = {1950}}

@inproceedings{Yanco&Stein:1993,
  author = {Yanco, Holly and Stein, Lynn Andrea},
  title = {An adaptive communication protocol for cooperating mobile robots},
  year = {1993},
  address = {Cambridge, MA},
  booktitle = {From Animals to Animats 2: {P}roceedings of the Second International Conference on Simulation of Adaptive Behavior},
  editor = {Meyer, Jean Arcady and Roitblat, Herbert and Wilson, Stewart},
  pages = {478-485},
  publisher = {The MIT Press}
}

@article{Billard:1998,
	Author = {Billard, Aude and Dautenhahn, Kerstin},
	Date-Added = {2011-03-11 11:42:34 +0100},
	Date-Modified = {2011-03-11 11:44:13 +0100},
	Journal = {Adaptive behavior},
	Keywords = {grounding,social robotics,imitation},
	Number = {3/4},
	Pages = {415--438},
	Title = {{Experiments in Learning by Imitation - Grounding and Use of Communication in Robotic Agents}},
	Volume = {7},
	Year = {1999}}

@inproceedings{Steels:96c,
  author = {Steels, Luc},
  title = {Perceptually grounded Meaning Creation},
  year = {1996},
  address = {Menlo Park, CA},
  booktitle = {Proceedings of the International Conference on Multiagent Systems (ICMAS-96)},
  editor = {Tokoro, Mario},
  pages = {338-344},
  publisher = {AAAI Press}
}

@article{Steels:97b,
  author = {Steels, Luc},
  title = {The synthetic modeling of language origins},
  year = {1997},
  journal = {Evolution of Communication},
  number = {1},
  pages = {1--34},
  volume = {1}
}

@InCollection{Batali:2002,
  author = {Batali, John},
  title = {The negotiation and acquisition of recursive grammars as a result of competition among exemplars},
  year = {2002},
  address = {Cambridge, UK},
  booktitle = {Linguistic evolution through language acquisition: {F}ormal and computational models},
  editor = {Briscoe, Ted},
  publisher = {Cambridge University Press}
}

$ chap 2 

@BOOK {Tager:1994,
    author    = "Tager-Flusberg, Helen",
    title     = "Constraints on Language Acquisition. Studies of Atypical Children",
    publisher = "Lawrence Erlbaum",
    year      = "1994",
    address   = "Hillsdale, New Jersey, USA"
}

@BOOK {Moravec:1995,
    author    = "Moravec, Hans P.",
    title     = "Mind. Children. The Future of Robot and Human Intelligence",
    publisher = "Harvard University Press",
    year      = "1995",
    address   = "Cambridge, MA, USA"
}

@inproceedings{McIntyre:1999, 
	Author = {McIntyre, Angus and Steels, Luc and Kaplan, Fr{\'e}d{\'e}ric},
	Booktitle = {Proceedings of Sony Research Forum 1999},
	Title = {Net-mobile embodied agents},
	Year = {1999}}


@book{Ferber:1999,
  author = {Ferber, Jacques},
  title = {Multi-agent systems: {A}n introduction to distributed artificial intelligence},
  year = {1998},
  address = {Reading, MA},
  publisher = {Addison-Wesley}
}

@book{Zeki:1993,
  author = {Zeki, Semir},
  title = {A Vision of the Brain},
  year = {1993},
  address = {Oxford, UK},
  publisher = {Blackwell Scientific Publications}
}

@book{Norvig:1996,
  author = {Norvig, Peter},
  title = {Paradigms of AI: {C}ase studies in Common Lisp},
  year = {1992},
  publisher = {PWS Publishing Company}
}

@INPROCEEDINGS{McIntyre:1998,
  author = {McIntyre, Angus},
  title = {Babel: {A} testbed for research in origins of language},
  year = {1998},
  booktitle = {Proceedings of Coling-ACL '98},
  publisher = {Montreal, August}
}

@BOOK {Brown:1973,
    author    = "Brown, Roger",
    title     = "A First Language: {T}he Early Stages",
    publisher = "Harvard University Press",
    year      = "1973",
    address   = "Cambridge, MA, USA"
}

@BOOK{Halliday:1975, 
	ADDRESS="Cambridge, UK",
	AUTHOR="Halliday, Michael Alexander Kirkwood",
	PUBLISHER="Cambridge university press",
	TITLE="Learning how to mean",
	YEAR="1987"
}

@book{Maynard:1982,
  author = {Maynard Smith, John},
  title = {Evolution and the theory of games},
  year = {1982},
  address = {Cambridge, MA},
  publisher = {Cambridge University Press}
}

@ARTICLE {Ikegami:1994,
    author  = "Ikegami, Takashi",
    title   = "Genetic Evolution to Emergence of Game Strategies",
    journal = "Physica D",
    year    = "1994",
    volume  = "75",
    pages   = "292-309"
}

@BOOK{Hauser:1996,
	ADDRESS="Cambridge, MA",
	AUTHOR="Hauser, Marc D.",
	PUBLISHER="The MIT Press",
	TITLE="The evolution of communication",
	YEAR="1996"
}

@Article{MacLennan:1991,
  author = {MacLennan, Bruce J. and Burghardt, Gordon M.},
  title = {Synthetic Ethology and the Evolution of Cooperative Communication},
  year = {1993},
  journal = {Adaptive Behavior},
  number = {2},
  pages = {161-188},
  volume = {2}
}

@BOOK{Ullman:1996,
	ADDRESS="Boston, MA, USA",
	AUTHOR="Ullman, Shimon",
	PUBLISHER="MIT Press",
	TITLE="High-level vision: {O}bject recognition and visual cognition",
	YEAR="1996"
}

@BOOK{Vanvalin:1997,
	ADDRESS="Cambridge, England",
	AUTHOR="Van Valin jr, Robert D. and LaPolla, Randy J.",
	PUBLISHER="Cambridge university press",
	TITLE="Syntax: {S}tructure, Meaning and Function",
	YEAR="1997"
}

@incollection{Montague:1974,
	Address = {New Haven},
	Author = {Montague, Richard},
	Booktitle = {Formal Philosophy. Selected Papers.},
	Date-Added = {2007-05-12 22:30:15 +0200},
	Date-Modified = {2007-05-12 22:35:29 +0200},
	Editor = {Montague, Richard},
	Publisher = {Yale University Press},
	Rating = {4},
	Title = {The Proper Treatment of Quantification in Ordinary English},
	Year = {1974}}

@BOOK{Ogden:1935,
  author = {Ogden, Charles Kay and Richards, Ivor Armstrong},
  title = {The Meaning of Meaning: {A} Study of the Influence of Language upon Thought and of the Science of Symbolism},
  year = {1935},
  publisher = {Routledge Pub., New York}
}

@BOOK{Clark:1990,
	ADDRESS="Oxford, UK",
	AUTHOR="Clark, John and Yallop, Colin",
	PUBLISHER="Blackwell",
	TITLE="An introduction to phonetics and phonology",
	YEAR="1995"
}

@Article{DeBoer:1997,
  author = {Bart de Boer},
  title = {Emergence of vowel systems through self-organisation},
  year = {2000},
  journal = {AI Communications},
  pages = {27-39},
  volume = { 13}
}

@article{Liljencrants:1972,
  author = {Liljencrants, Johan and Lindblom, Bjorn},
  title = {Numerical simulations of vowel quality systems},
  year = {1972},
  journal = {Language},
  pages = {839-862},
  volume = {48}
}

@BOOK{Levelt:1989,
	ADDRESS="Boston, MA, USA",
	AUTHOR="Levelt, Willem J. M.",
	PUBLISHER="MIT Press",
	TITLE="Speaking: {F}rom intention to articulation",
	YEAR="1989"
}

@BOOK{Jackendoff:1997,
	ADDRESS="Boston, MA, USA",
	AUTHOR="Jackendoff, Ray",
	PUBLISHER="MIT Press",
	TITLE="The architecture of the language faculty",
	YEAR="1997"
}

@BOOK {Ballard:1982,
    author    = "Ballard, Dana H. and Brown, Christopher M.",
    title     = "Computer Vision",
    publisher = "Prentice Hall",
    year      = "1982",
    address   = "Englewood Cliffs, New Jersey, USA"
}

@BOOK {Fischler:1987,
    author    = "Fischler, Martin A. and Firchein, Oscar",
    title     = "Readings in Computer Vision: {I}ssues, Problems, Principles and Paradigms",
    publisher = "Morgan Kaufmann Publishers",
    year      = "1987",
    address   = "Los Altos, CA, USA"
}

@book{Bickerton:1990,
	Author = {Bickerton, Derek},
	Date-Added = {2011-03-15 14:24:10 +0100},
	Date-Modified = {2011-03-15 14:24:42 +0100},
	Keywords = {evolution of language},
	Publisher = {Chicago University Press},
	Title = {{Language and species}},
	Year = {1999}}

@book{Thomason:1988,
	Address = {Berkeley},
	Author = {Thomason, Sarah G. and Kaufman, Terence},
	Publisher = {University of California Press},
	Title = {Language Contact, Creolization, and Genetic Linguistics.},
	Year = {1988}}

@Book{Tomasello:1991,
  author = {Michael Tomasello},
  title = 	{First Verbs: {A} Case Study of Early Grammatical Development},
  publisher = {Cambridge University Press},
  year = 1992,
  address = {Cambridge}
}

@BOOK{Bates:1991,
	ADDRESS="Cambridge, England",
	AUTHOR="Bates, Elisabeth and Bretherton, Inge and Snyder, Lynn",
	PUBLISHER="Cambridge University Press",
	TITLE="From First Words to Grammar",
	YEAR="1988"
}

@BOOK{Gleitman:1994, 
	ADDRESS="Boston, MA, USA",
	AUTHOR="Gleitman, Lila and Landau, Barbara",
	PUBLISHER="MIT Press",
	TITLE="The acquisition of the lexicon",
	YEAR="1994"
}

@book{clark:1993,
author = {Clark, Eve V.},
title = {The Ontogensis of Meaning},
publisher = {Akademische Verlagsgesellschaft Athenaion},
address = {Wiesbaden},
year = {1993},
}

@incollection{Bowerman:1996,
	Author = {Bowerman, Melissa},
	Booktitle = {Language and space},
	Chapter = {10},
	Date-Added = {2011-06-01 17:31:50 +0200},
	Date-Modified = {2011-06-01 17:31:50 +0200},
	Editor = {Bloom, Paul and Peterson, Merrill A. and Nadel, Lynn and Garrett, Mary F.},
	Keywords = {space, spatial language},
	Pages = {385--436},
	Publisher = {The MIT Press},
	Series = {Language, Speech and Communication},
	Title = {{Learning how to structure space for language: {A} crosslinguistic perspective}},
	Year = {1996}}

@BOOK {Lorenz:1993,
    author    = "Lorenz, Edward N.",
    title     = "The Essence of Chaos",
    publisher = "University of Washington Press",
    year      = "1993",
    address   = "Seattle, USA"
}

@book{Bybee:1994,
	Author = {Bybee, Joan and Perkins, Revere D. and Pagliuca, William},
	Date-Added = {2011-02-12 18:42:38 +0100},
	Date-Modified = {2011-05-08 18:55:00 +0200},
	Isbn = {0226086631},
	Publisher = {University of Chicago Press},
	Title = {{The evolution of grammar}},
	Year = {1994}}

@book{Traugott:1991,
	Date-Added = {2011-02-08 17:03:06 +0100},
	Date-Modified = {2011-02-08 17:04:31 +0100},
	Editor = {Traugott, Elisabeth C. and Heine, Bernd},
	Keywords = {grammaticalization},
	Publisher = {John Benjamins},
	Title = {{Approaches to grammaticalization}},
	Volume = {1 \& 2},
	Year = {1991}}

@incollection{Hopper:1991,
	Author = {Hopper, Paul},
	Title = {Emergent Grammar},
	Editor = {Traugott, Elisabeth C. and Heine, Bernd},
	Booktitle = {Approaches to Grammaticalization},
	Publisher = {John Benjamins},
	Address = {Amsterdam},
	Year = {1991}}

@book{Heine:1997,
	Author = {Heine, Bernd},
	Title = {The Cognitive Foundations of Grammar},
	Publisher = {Oxford University Press},
	Address = {Oxford},
	Year = {1997}}

@book{Piattelli:1980,
	Address = {London},
	Editor = {Piattelli-Palmerini, Massimo},
	Publisher = {Routledge},
	Title = {Language and Learning. The Debate between Jean Piaget and Noam Chomsky},
	Year = {1980}}

@BOOK {Gazdar:1989,
    author    = "Gazdar, Gerald and Mellish, Chris",
    title     = "Natural Language Processing in LISP. An Introductiion to Comptutational Linguistics",
    publisher = "Addison-Wesley Publishing Company",
    year      = "1989",
    address   = "Reading, MA, USA"
}

@book{Labov:1994,
	Address = {Oxford},
	Author = {Labov, William},
	Publisher = {Basil Blackwell},
	Title = {Principles of Linguistic Change. Volume 2: {S}ocial Factors},
	Year = {2000}}

@BOOK{McMahon:1994,
	ADDRESS="Cambridge",
	AUTHOR="McMahon, April",
	PUBLISHER="Cambridge University Press",
	TITLE="Understanding Language Change",
	YEAR="1994"
}

@BOOK {Shanahan:1997,
    author    = "Shanahan, Murray",
    title     = "Solving the Frame Problem. A  Mathematical Investigation of the Common Sense Law of Inertia",
    publisher = "MIT Press",
    year      = "1997",
    address   = "Cambridge, MA, USA"
}

% chap 3 

@BOOK{Byrne:1997,
	ADDRESS="Cambridge, MA",
	AUTHOR="Byrne, Alex and Hilbert, David R.",
	PUBLISHER="The MIT Press",
	TITLE="Readings on colour. Volume 1 and Volume 2",
	YEAR="1997"
}

@BOOK{Kaiser:1996,
	ADDRESS="Washington, DC.",
	AUTHOR="Kaiser, Peter K. and Boynton, Robert M.",
	PUBLISHER="Optical Society of America",
	TITLE="Human colour vision",
	YEAR="1996"
}

@book{Braitenberg:1984,
  author = {Braitenberg, Valentino},
  title = {Vehicles: {E}xperiments in Synthetic Psychology},
  year = {1984},
  address = {Cambridge, MA},
  publisher = {The MIT Press}
}

@BOOK {Steels:1996,
    author    = "Steels, Luc",
    title     = "The Biology and Technology of Intelligent Autonomous Agents",
    publisher = "Springer-Verlag",
    year      = "1996",
    address   = "Berlin, Germany"
}

@BOOK{Pfeifer:1999,
  title = {Understanding Intelligence},
  publisher = {The MIT Press},
  year = {1999},
  author = {Pfeifer, Rolf and Scheier, Christian},
  address = {Cambdrige, MA}
}

@inproceedings{Brooks:1992,
	Address = {San Mateo, CA},
	Author = {Brooks, Rodney A.},
	Booktitle = {Proceedings of the 1991 International Joint Conference on Artificial Intelligence},
	Pages = {569--595},
	Publisher = {Morgan Kaufmann},
	Title = {Intelligence without Reason},
	Year = {1991}}

@article{Harnad:1994,
	Author = {Harnad, Stevan},
	Journal = {Physica D},
	Pages = {335--346},
	Title = {The Symbol Grounding Problem},
	Volume = {42},
	Year = {1990}}

@book{Marr:1982,
	Address = {San Francisco},
	Author = {Marr, David},
	Publisher = {Freeman},
	Title = {Vision},
	Year = {1982}}

@BOOK{Fodor:1983,
	ADDRESS="Cambridge, MA.",
	AUTHOR="Fodor, Jerry A.",
	PUBLISHER="MIT Press",
	TITLE="The modularity of mind",
	YEAR="1983"
}

@book{Minsky:1985,
	Address = {New York},
	Author = {Minsky, Marvin},
	Publisher = {Simon and Schuster},
	Title = {The Society of Mind},
	Year = {1986}}

@BOOK{Edelman:1987,
	ADDRESS="New York",
	AUTHOR="Edelman, Gerald M.",
	PUBLISHER="Basic Books",
	TITLE="Neural Darwinism: {T}he Theory of Neuronal Group Selection",
	YEAR="1987"
}

@book{Gardenfors:1999,
	Author = {Gärdenfors, Peter},
	Publisher = {MIT Press},
	Series = {A Bradford Book},
	Title = {Conceptual Spaces: {T}he Geometry of Thought},
	Year = {2000}}

@book{Fauconnier:1994,
	Author = {Fauconnier, Gilles},
	Date-Added = {2011-05-01 21:41:50 +0200},
	Date-Modified = {2012-11-29 06:12:19 +0000},
	Keywords = {conceptual blending theory},
	Publisher = {Cambridge University Press},
	Title = {{Mental spaces: {A}spects of meaning construction in natural language}},
	Year = {1994}}

@INPROCEEDINGS{Belpaeme:1998,
  author = {Belpaeme, Tony and Steels, Luc and van Looveren, Joris},
  title = {The Construction and Acquisition of Visual Categories},
  booktitle = {Proceedings of the 6th European Workshop on Learning Robots},
  year = {1998},
  editor = {Birk, Andreas and Demiris, Yiannis},
  series = {Lecture Notes on Artificial Intelligence 1545},
  pages = {1-12},
  address = {Berlin},
  publisher = {Springer}
}

@BOOK {Port:1995,
    author    = "Port, Robert F. and van Gelder, Tim",
    title     = "Mind as Motion: {E}xploration in the Dynamics of Cognition",
    publisher = "The MIT Press",
    year      = "1995",
    address   = "Cambridge, MA, USA",
}

@BOOK {Varela:1991,
    author    = "Varela, Francisco J. and Thomson, Evan and Rosch, Eleanor",
    title     = "The Embodied Mind. Cognitive Science and Human",
    publisher = "The MIT Press",
    year      = "1991",
    address   = "Cambridge, MA, USA"
}

@ARTICLE {Anastacio:1989,
    author  = "Anastacio, Thomas J. and Robinson, David A.",
    title   = "Distributed Parallel Processing in the Vestibulo-Occulomotor System",
    journal = "Neural Computation",
    year    = "1989",
    volume  = "1",
    pages   = "230-241"
}

@ARTICLE{Kaplan:1999,
	AUTHOR="Kaplan, Fr{\'e}d{\'e}ric",
	JOURNAL="In Cognito : {R}evue internationale francophone en Sciences Cognitives",
	PAGES="3--23",
	TITLE="Dynamiques de l'auto-organisation lexicale: {S}imulations multi-agents et T\^etes parlantes",
	VOLUME="15",
	YEAR="1999"
}

% Chap 4 

@BOOK {Rousseau:1781,
    author    = "Rousseau, Jean-Jacques",
    title     = "Essai sur l'Origine des Langues.",
    publisher = "University of Chicago Press",
    year      = "1781",
    address   = "Chicago, USA",
    note      = "English Version"
}

@book{Minsky:1968,
  author = {Minsky, Marvin and Papert, Seymour},
  title = {Perceptrons},
  year = {1969},
  address = {Cambridge, MA},
  publisher = {The MIT Press}
}

@book{Rumelhart:1986,
  author = {Rumelhart, David E. and McClelland, James L.},
  title = {Parallel Distributed Processing: {E}xploration in the microstructure of cognition},
  year = {1986},
  address = {Cambridge, MA},
  note = {Volume 1 and 2},
  publisher = {The MIT Press}
}

@BOOK {Wierzbicka:1992,
    author    = "Wierzbicka, Anna",
    title     = "Semantics, Culture and Cognition. Universal Human Concepts in Culture-Specific Configurations",
    publisher = "Oxford",
    year      = "1992",
    address   = "Oxford, UK."
}

@article{McCarthy:2008,
 author = {McCarthy, John},
 title = {The Well-designed Child},
 journal = {Artificial Intelligence},
 issue_date = {December, 2008},
 volume = {172},
 number = {18},
 month = "12",
 year = {2008},
 issn = {0004-3702},
 pages = {2003--2014},
 numpages = {12},
 url = {http://dx.doi.org/10.1016/j.artint.2008.10.001},
 doi = {10.1016/j.artint.2008.10.001},
 acmid = {1464918},
 publisher = {Elsevier Science Publishers Ltd.},
 address = {Essex, UK},
} 

@BOOK {Steels:1994,
    author    = "Steels, Luc and McDermott, John",
    title     = "The Knowledge Level in Expert Systems: {C}onversations and Commentary",
    publisher = "Academic Press",
    year      = "1994",
    volume    = "10",
    series    = "Perpectives in Artificial Intelligence",
    address   = "New Haven, UK"
}

@inproceedings{Dejong:1999,
  author = {De Jong, Edwin D. and Steels, Luc},
  title = {Generation and selection of sensory channels},
  year = {1999},
  address = {Berlin},
  booktitle = {Proceedings of Evolutionary Image Analysis, Signal Processing and Telecommunications. First European Workshops, EvoIASP'99 and EuroEcTel'99},
  editor = {Poli, Ricardo and Voigt, Hans-Michael and Cagnoni, Stefano and Corne, David and Smith, George and Fogarty, Terence},
  pages = {90-100},
  publisher = {Springer-Verlag},
  series = {Lecture Notes in Computer Science},
  volume = {1596}
}

@BOOK{Gumperz:1996,
	ADDRESS="Cambridge, England",
	AUTHOR="Gumperz, John J. and  Levinson, Stephen C.",
	NUMBER="17",
	PUBLISHER="Cambridge University Press",
	SERIES="Studies in the Social and Cultural Foundations of Language",
	TITLE="Rethinking linguistic relativity",
	YEAR="1996"
}

@book{Elman:1998,
  author = {Elman, Jeffrey L. and Bates, Elizabeth A. and Johnson, Mark H. and Karmiloff-Smith, Annette and Parisi, Domenico and Plunkett, Kim},
  title = {Rethinking Innateness: {A} Connectionist Perspective on Development},
  year = {1996},
  address = {Cambridge, MA},
  publisher = {The MIT Press}
}

@article{Worden:1995,
  author = {Worden, Robert},
  title = {A Speed Limit for Evolution},
  year = {1995},
  journal = {Journal of Theoretical Biology},
  pages = {137-152},
  volume = {176}
}

@BOOK{Cavalli:1995,
	AUTHOR="Cavalli-Sforza, Luigi Luca and Cavalli-Sforza, Francesco and Thorne, Sarah",
	PUBLISHER="Helix Books",
	TITLE="The Great Human Diasporas: {T}he history of diversity and evolution",
	YEAR="1996"
}

@ARTICLE{Quartz:1997,
	ADDRESS="Cambridge",
	AUTHOR="Quartz, Steven R. and Sejnowski, J. Terence",
	JOURNAL="Behavioral and Brain Sciences",
	PAGES="537--596",
	PUBLISHER="Cambridge University Press",
	TITLE="The neural basis of cognitive development: {A} constructivist manifesto",
	VOLUME="20",
	YEAR="1997"
}

@BOOK {Waddington:1975,
    author    = "Waddington, Conrad Hal",
    title     = "The Evolution of an Evolutionist",
    publisher = "Cornell University Press",
    year      = "1975",
    address   = "Ithaca, NY, USA"
}

@BOOK {Piaget:1985,
    author    = "Piaget, Jean",
    title     = "The Equilibration of Cognitive Structures: {T}he Central Problem of Intellectual Development",
    publisher = "University of Chicago Press",
    year      = "1985",
    address   = "Chicago, USA"
}

@BOOK{Thelen:1994,
	ADDRESS="Boston, MA, USA",
	AUTHOR="Thelen, Esther and Smith, Linda B.",
	PUBLISHER="MIT Press",
	TITLE="A dynamic systems approach to the development of cognition and action",
	YEAR="1994"
}

@BOOK{Dawkins:1995,
	ADDRESS="Oxford",
	AUTHOR="Dawkins, Richard",
	PUBLISHER="Oxford University Press",
	TITLE="The selfish gene",
	YEAR="1976"
}

@book{Goldberg:1989,
  author = {Goldberg, David E.},
  title = {Genetic Algorithms in Search, Optimization and Machine Learning},
  year = {1989},
  address = {Reading, MA},
  publisher = {Addison-Wesley}
}

@BOOK{Koza:1992,
  title = {Genetic programming: {O}n the programming of computers by means of
	natural selection},
  publisher = {The MIT Press},
  year = {1992},
  author = {Koza, John R.},
  address = {Cambridge, MA}
}

@proceedings{Koza:1997,
  title = {Genetic programming 1996: {P}roceedings of the First Annual Conference, July 28-31, 1996},
  year = {1996},
  address = {Cambridge, MA},
  editor = {Koza, John R. and Goldberg, David E. and Fogel, David B.},
  publisher = {The MIT Press},
  series = {Complex Adaptive Systems}
}

@BOOK {Sipper:1998,
    author    = "Sipper, Moshe and  Mange, Daniel and Perez-Uribe Andres",
    title     = "Evolvable Systems: {F}rom Biology to Hardware",
    publisher = "Springer-Verlag",
    year      = "1998",
    address   = "Berlin, Germany"
}

@INCOLLECTION {Varela:1988,
    author    = "Varela, Francisco J. and  Coutinho, Antonio and Duprie, Bruno and Vaz, Nelson",
    title     = "Cognitive Networks: {I}mmune, Neural and Otherwise",
    booktitle = "Theoretical Immunology",
    publisher = "Adison-Wesley",
    year      = "1988",
    editor    = "Perelson, Alan",
    volume    = "2",
    series    = "Science of Complexity",
    address   = "Englewood Cliffs, New Jersey, USA"
}

@BOOK {Changeux:1997,
    author    = "Changeux, Jean-Pierre",
    title     = "Neuronal Man. The Biology of Mind",
    publisher = "Princeton University Press",
    year      = "1997",
    address   = "Princeton, USA"
}

@ARTICLE {Linsker:1990,
    author  = "Linsker, Ralph",
    title   = "Perceptual Neural Organization: {S}ome Approaches Based on Network Models and Information Theory",
    journal = "Annual Review of Neuroscience",
    year    = "1990",
    volume  = "13",
    pages   = "257-281"
}

@book{Maturana:1992,
  author = {Maturana, Humberto and Varela, Francisco},
  title = {The Tree of Knowledge (revised edition)},
  year = {1998},
  address = {Boston},
  publisher = {Shambhala Press}
}

@BOOK{Taylor:1989,
	ADDRESS="Oxford, UK",
	AUTHOR="Taylor, John R.",
	EDITION="Second",
	PUBLISHER="Oxford University Press",
	TITLE="Linguistic categorization: {P}rototypes in Linguistic Theory",
	YEAR="1995"
}

@BOOK {Johnson:1987,
    author    = "Johnson, Mark",
    title     = "The Body in the Mind. The Bodily Basis of Meaning, Imagination and Reason",
    publisher = "The University of Chicago Press",
    year      = "1987",
    address   = "Chicago, USA"
}

@BOOK {Peitgen:1992,
    author    = "Peitgen, Heinz-Otto and Jurgens,  Hartmut and Saupe, Dietmar",
    title     = "Chaos and Fractals. New Frontiers of Science",
    publisher = "Springer-Verlag",
    year      = "1992",
    address   = "Berlin, Germany"
}

@BOOK{Churchland:1992,
  title = {The computational brain},
  publisher = {The MIT Press},
  year = {1992},
  author = {Churchland, Patricia S. and Sejnowski, Terrence J.},
  address = {Cambridge, MA},}



% chap 5

@BOOK{Quine:1960,
  title = {Word and Object},
  publisher = {The MIT Press},
  year = {1960},
  author = {Quine, Willard Van Orman},
  address = {Cambridge, MA}
}

@INPROCEEDINGS{Steels:1996a,
  author = {Steels, Luc},
  title = {Self-organizing vocabularies},
  booktitle = {Proceedings of the Conference on Artificial Life {V} (Alife {V}) (Nara,
	Japan)},
  year = {1996},
  editor = {Langton, Cristopher G.}
}

@INCOLLECTION{hutchins:1995,
	ADDRESS="London",
	AUTHOR="Hutchins, Edwin L. and Hazlehurst, Brian",
	BOOKTITLE="Artificial Societies: {T}he Computer Simulation of Social Life",
	EDITOR="Gilbert, Nigel and Conte, Rosaria",
	PAGES="157--189",
	PUBLISHER="UCL Press",
	TITLE="How to Invent a Lexicon: {T}he Development of Shared Symbols in Interaction",
	YEAR="1995"
}

@BOOK{Regier:1996, 
	ADDRESS="Boston, MA, USA",
	AUTHOR="Regier, Terry",
	PUBLISHER="MIT Press",
	SERIES="Neural Network Modelling and Connectionism",
	TITLE="The Human Semantic Potential: {S}patial Language and Constrained Connectionism",
	YEAR="1996"
}

@INPROCEEDINGS{Werner:1991, 
	ADDRESS="Redwood City, CA",
	AUTHOR="Werner, Gregory M. and Dyer, Michael G.",
	BOOKTITLE="Artificial Life II, Vol. X of SFI Studies in the Sciences of Complexity",
	EDITOR="Langton, Christopher G. and Taylor, Charles and Farmer, J. Doyne and Rassmussen, Steen",
	PUBLISHER="Addison-Wesley",
	TITLE="Evolution of Communication in Artificial Organisms",
	YEAR="1991"
}

@ARTICLE{Hurford:1989, 
	AUTHOR="Hurford, James",
	JOURNAL="Lingua",
	PAGES="187--222",
	TITLE="Biological Evolution of the Saussurean Sign as a Component of the Language Acquisition Device",
	VOLUME="77",
	YEAR="1989"
}

@ARTICLE{Oliphant:1996, 
	AUTHOR="Oliphant, Mike",
	JOURNAL="Biosystems",
	NUMBER="1--2",
	PAGES="31--38",
	TITLE="The Dilemma of Saussurean Communication",
	VOLUME="37",
	YEAR="1996"
}

@MISC{Cangelosi:1996, 
	AUTHOR="Cangelosi, Angelo and Parisi, Domenico",
	HOWPUBLISHED="Technical Report, NSAL-96-004, Institute of Psychology, National",
	TITLE="The Emergence of 'language' in an Evolving Population of Neural Networks",
	YEAR="1996"
}

@PHDTHESIS{Oliphant:1997,
	AUTHOR="Oliphant, Mike",
	SCHOOL="University of California, San Diego",
	TITLE="Formal approaches to innate and learned communicaton: {L}aying the foundation for language",
	YEAR="1997"
}

@ARTICLE {May:1976,
    author  = "May, Robert M.",
    title   = "Simple Mathematical Models with Complicated Dynamical Behavior",
    journal = "Nature",
    year    = "1976",
    volume  = "261",
    pages   = "25-44"
}

@BOOK{Ruhlen:1994, 
	ADDRESS="Stanford, CA",
	AUTHOR="Ruhlen, Merritt",
	PUBLISHER="Stanford University Press",
	TITLE="On the Origin of Languages. Studies in Linguistic Taxonomy",
	YEAR="1994"
}

@BOOK {Babloyantz:1986,
    author    = "Babloyantz, Agnes",
    title     = "Molecules, Dynamics and Life. An Introduction to Self-Organization of Matter",
    publisher = "John Wiley",
    year      = "1986",
    address   = "NY, USA"
}

@BOOK{Meinhardt:1982,
	ADDRESS="London",
	AUTHOR="Meinhardt, Hans",
	PUBLISHER="Academic Press",
	TITLE="Models of Biological Pattern Formation",
	YEAR="1982"
}

@BOOK {Pasteels:1987,
    author    = "Pasteels, Jacques M. and Deneuborg, Jean-Louis",
    title     = "From Individual to Collective Behaviour in Social Insects",
    publisher = "Birkhauser",
    year      = "1987",
    address   = "Basel, Switzerland"
}

@BOOK{Arthur:1996,
	ADDRESS="Menlo Park, Ca",
	EDITOR="Arthur, Brian",
	PUBLISHER="Addison-Wesley",
	SERIES="Santa Fe Institute Series on Complexity",
	TITLE="The Economy as a Complex Adaptive System",
	YEAR="1996"
}

@INCOLLECTION {Kaneko:1996,
    author    = "Kaneko, Kuni",
    title     = "Chaos as a Source of Complexity and  Diversity in Evolution",
    booktitle = "Artificial Life",
    publisher = "The MIT Press",
    year      = "1996",
    editor    = "Langton, Christopher",
    pages     = "163-177",
    address   = "Cambridge, MA, USA"
}

@BOOK{Nichols:1992, 
	ADDRESS="Chicago and London",
	AUTHOR="Nichols, Johanna",
	PUBLISHER="The University of Chicago Press",
	TITLE="Linguistic Diversity in Space and Time",
	YEAR="1992"
}

@BOOK {Romaine:1988,
    author    = "Romaine, Suzanne",
    title     = "Pidgin and Creole Languages",
    publisher = "Longman",
    year      = "1988",
    address   = "London, UK."
}

% chap 6 

@BOOK{kirby:99a,
	ADDRESS="Oxford",
	AUTHOR="Kirby, Simon",
	PUBLISHER="Oxford University Press",
	TITLE="Function, selection and innatensess: {T}he emergence of language universals",
	YEAR="1999"
}

% chap 7 

@BOOK {Wittgenstein:1922,
    author    = "Wittgenstein, Ludwig",
    title     = "Tractatus Logico-Philosophicus",
    publisher = "Kegan Paul, Trench, Trubner",
    year      = "1922",
    address   = "London, UK"
}

@BOOK {Carnap:1928,
    author    = "Carnap, Rudolf",
    title     = "The Logical Structure of the World",
    publisher = "Paul Kegan",
    year      = "1928",
    address   = "London, UK"
}

@BOOK{Hintikka:1998, 
	ADDRESS="Norwell, MA, USA",
	AUTHOR="Hintikka, Jaakko",
	PUBLISHER="Kluwer Academic Publishers",
	TITLE="Paradigms for language theory and other essays",
	YEAR="1998"
}

@BOOK {Badii:1997,
    author    = "Badii, Remo and Politi, Antonio",
    title     = "Complexity. Hierarchical Structures Scaling in Physics",
    publisher = "Cambridge University Press",
    year      = "1997",
    address   = "Cambridge, UK"
}

@BOOK{Kauffman:1993,
  title = {The origins of order: {S}elf-organization and selection in evolution},
  publisher = {Oxford University Press},
  year = {1993},
  author = {Kauffman, Stuart},
  address = {Oxford, UK}
}

@BOOK {Maynard:1989,
    author    = "Maynard Smith, John",
    title     = "Evolutionary Genetics",
    publisher = "Oxford University Press",
    year      = "1989",
    address   = "Oxford, UK"
}

@BOOK {Margulis:1991,
    author    = "Margulis, Lynn",
    title     = "Symbiosis in Cell Evolution",
    publisher = "W. H. Freeman",
    year      = "1991",
    address   = "San Francisco, USA"
}

@book{Kirby:1999,
  author = {Kirby, Simon},
  title = {Function, selection and innateness: {T}he emergence of language universals},
  year = {1999},
  address = {Oxford},
  publisher = {Oxford University Press}
}

@BOOK {Eco:1997,
    author    = "Eco, Umberto",
    title     = "The Search for the Perfect Language",
    publisher = "Blackwell Publishing",
    year      = "1997",
    address   = "Oxford, UK"
}

@INPROCEEDINGS{Steels:99h,
	ADDRESS="Berlin",
	AUTHOR="Steels, Luc and Kaplan, Fr{\'e}d{\'e}ric",
	BOOKTITLE="Advances in Artificial Life (ECAL 99)",
	EDITOR="Floreano, Dario and Nicoud, Jean-Daniel and Mondada, Francesco",
	PAGES="679--688",
	PUBLISHER="Springer-Verlag",
	SERIES="Lecture Notes in Artificial Intelligence 1674",
	TITLE="Collective learning and semiotic dynamics",
	YEAR="1999"
}

@ARTICLE {Chomsky:1987,
    author  = "Chomsky, Noam",
    title   = "Language in a Psychological Setting",
    journal = "Sophia Linguistica",
    year    = "1987",
    volume  = "22",
    pages   = "1-73", 
	address = "Tokyo", 
}

@BOOK{Whorf:1956,
  title = {Language, Thought and Reality: {S}elected writings of Benjamin Lee
	Whorf},
  publisher = {The MIT Press},
  year = {1956},
  author = {Whorf, Benjamin Lee},
  address = {Cambridge, MA},
  editor = {Carrol, John. B.}
}

@BOOK{Lee:1996,
  title = {The {W}horf Theory Complex: {A} Critical Reconstruction},
  publisher = {John Benjamins},
  year = {1996},
  author = {Lee, Penny},
  series = {Studies in the history of the language sciences 81},
  address = {Philadelphia}
}

@book{Levinson:2006, 
	Address = {Cambridge},
	Editor = {Levinson, Stephen C. and Wilkins, David},
	Publisher = {Cambridge University Press},
	Series = {Language, Culture and Cognition},
	Title = {Grammars of Space. Explorations in Cognitive Diversity},
	Year = {2006}}

% chap 8 

@INCOLLECTION {Obrist:2003,
    author    = "Obrist, Hans Ulrich",
    title     = "Interview with Luc Steels",
    booktitle = "Interviews",
    publisher = "Edizioni Charta",
    year      = "2003",
    pages     = "858-877",
    address   = "Milano, Italia"
}

@proceedings{DBLP:conf/ecal/1999,
  editor    = {Dario Floreano and
               Jean{-}Daniel Nicoud and
               Francesco Mondada},
  title     = {Advances in Artificial Life, 5th European Conference, ECAL'99, Lausanne,
               Switzerland, September 13-17, 1999, Proceedings},
  series    = {Lecture Notes in Computer Science},
  year      = {1999},
  volume    = {1674},
  publisher = {Springer},
  isbn      = {3-540-66452-1},
  timestamp = {Mon, 13 Oct 2014 16:00:07 +0200},
  biburl    = {http://dblp.uni-trier.de/rec/bib/conf/ecal/1999},
  bibsource = {dblp computer science bibliography, http://dblp.org}
}

@INPROCEEDINGS{Steels:99g,
	ADDRESS="Carg\`ese, Corse",
	AUTHOR="Steels, Luc and Kaplan, FFr{\'e}d{\'e}ric",
	BOOKTITLE="Traitement automatique du langage naturel 1999",
	EDITOR="Amsili, Pascal",
	PAGES="393--398",
	TITLE="Amor\c{c}age d'une s\'emantique lexicale dans une population d'agents autonomes, ancr\'es et situ\'es",
	YEAR="1999", 
}
@book{Langacker:1987,
	Address = {Stanford},
	Author = {Langacker, Ronald W.},
	Publisher = {Stanford University Press},
	Title = {Foundations of Cognitive Grammar. Volume 1},
	Year = {1987}}

@inproceedings{Steels:2002,
  title={Grounding symbols through evolutionary language games},
  author={Steels, Luc},
  booktitle={Simulating the evolution of language},
  pages={211--226},
  year={2002},
  organization={Springer-Verlag New York, Inc.}
}

@incollection{SteelsKaplan:2002,
  author = {Steels, Luc and Kaplan, Fr\'{e}d\'{e}rique},
  title = {Bootstrapping grounded word semantics},
  year = {1999},
  address = {Cambridge},
  booktitle = {Linguistic evolution through language acquisition: {F}ormal and computational models},
  editor = {Briscoe, Ted},
  pages = {53-73},
  publisher = {Cambridge University Press}
}

@incollection{Steels:2002,
  author = {Steels, Luc and Kaplan, Fr\'{e}d\'{e}rique and McIntyre, Angus and Van Looveren, Joris},
  title = {Crucial factors in the origins of word-meaning},
  year = {2002},
  address = {Oxford, UK},
  booktitle = {The Transition to Language},
  editor = {Wray, Alison},
  publisher = {Oxford University Press}
}

@INCOLLECTION {Lowe:2010,
    author    = "Lowe, Adam",
    title     = "Sei oggetti in cerca di artigiano.  Na contaminazione del gusto: {A}ppunti su sei ri-creazioni piranesiane realizzate da  Factum Arte",
    booktitle = "Le Arti di Piranesi. Architetetto, Incisore, Antiquario, Vedutista, Designer",
    publisher = "Marsilio",
    year      = "2010",
    editor    = "Pavanello, Giuseppe",
    pages     = "170-204", 
}

@BOOK {Schaffer:2011,
    author    = "Schaffer, Simon and Shapin, Steven",
    title     = "Leviathan and the Air-Pump: {H}obbes, Boyle and the Experimental Life",
    publisher = "Princeton University Press",
    year      = "2011",
    address   = "Princeton, USA"
}

@BOOK {Knight:1999,
    author    = "Knight, Chris and Dunbar, Robert and Power, Camila",
    title     = "The Evolution of Culture",
    publisher = "Edinburgh University Press",
    year      = "1999",
    address   = "Edinburgh, UK"
}

@ARTICLE{Steels:2000kaplan,
	AUTHOR="Steels, Luc and Kaplan, Fr\'{e}d\'{e}rique",
	JOURNAL="Revue du Palais de la D\'ecouverte",
	MONTH="5",
	PAGES="63--67",
	TITLE="Origine et \'evolution du langage : {E}xp\'eriences robotiques",
	VOLUME="278",
	YEAR="2000"
}

@MISC {Scherf:2002,
    author       = "Scherf, Angeline",
    title        = "Olafur Eliasson: {C}haque Matin Je Em Sens Diferent Chaque Soir Je Em Sens Le Meme",
    howpublished = "Musee d'Art Moderne de la Ville de Paris (Artist's Book/Exhibition Catalogue)",
    year         = "2002"
}

@article{Steels:05b,
	Author = {Steels, Luc and Belpaeme, Tony},
	Date-Added = {2010-03-21 00:43:16 +0100},
	Date-Modified = {2010-04-08 15:18:26 +0100},
	Journal = {Behavioral and Brain Sciences},
	Keywords = {language,semantics,grounding},
	Pages = {469--529},
	Title = {{Coordinating perceptually grounded categories through language: {A} case study for colour}},
	Volume = {28},
	Year = {2005},
}

@INCOLLECTION {Knight:2014,
    author    = "Knight, Chris and Lewis, Jerome",
    title     = "Hunter-Gatherer Egalitarianism Enabled Grammar to Evolve",
    booktitle = "Social Origins of Language",
    publisher = "Oxford University Press",
    year      = "2014",
    editor    = "Dor, Daniel and Knight, Chris and Lewis, Jerome",
    address   = "Oxford, UK"
}

@INCOLLECTION {Steels:2004,
    author    = "Steels, Luc",
    title     = "The Color of Your Eyes",
    booktitle = "Olafur Eliasson: {Y}our Colour Memory",
    publisher = "Arcadia University Art Gallery",
    year      = "2004",
    editor    = "Richard Torkiae",
    address   = "Glenside, USA"
}

@INPROCEEDINGS {Neubauer:2004,
    author    = "Neubauer, Nicolas",
    title     = "Emergent compositionality in language through negotiation",
    booktitle = "Proceedings of EvoLang V",
    year      = "2004",
    address   = "Leipzig"
}

% chap9 

@ARTICLE{SteelsKaplan:2000,
	AUTHOR="Steels, Luc and Kaplan, Fr\'{e}d\'{e}rique",
	JOURNAL="Revue du Palais de la D\'ecouverte",
	MONTH="5",
	PAGES="63--67",
	TITLE="Origine et \'evolution du langage : {E}xp\'eriences robotiques",
	VOLUME="278",
	YEAR="2000"
}

@INPROCEEDINGS{Steels:1999,
	ADDRESS="Berlin",
	AUTHOR="Steels, Luc and Kaplan, Fr\'{e}d\'{e}rique",
	BOOKTITLE="Advances in Artificial Life (ECAL 99)",
	EDITOR="Floreano, Dario and Nicoud, Jean-Daniel and Mondada, Francesco",
	PAGES="679--688",
	PUBLISHER="Springer-Verlag",
	SERIES="Lecture Notes in Artificial Intelligence 1674",
	TITLE="Collective learning and semiotic dynamics",
	YEAR="1999"
}

% chap 10 

@INPROCEEDINGS {Vogt:2003,
    author    = "Vogt, Paul",
    title     = "The Talking Heads simulation tool",
    booktitle = "Advances in Artificial Life - Proceedings of the 7th European Conference on Artificial Life (ECAL)",
    editor    = "Banzhaf, Wolfgang and Christaller, Thomas and Dittrich, Peter and  Kim, Jan and Ziegler, Jens",
    address   = "Berlin, Heidelberg",
    publisher = "Springer-Verlag", 
    year = "2003", 
}

@BOOK {Steels:1995b,
    editor    = "Steels, Luc",
    title     = "The Biology and Technology of Intelligent Autonomous Agents",
    publisher = "Springer-Verlag",
    year      = "1995",
    volume    = "144",
    series    = "NATO ASI Series: {S}eries F,  Computer and Systems Sciences",
    address   = "Berlin, Germany"
}

@book{Steels:1995,
	Address = {New Haven},
	Editor = {Steels, Luc and Brooks, Rodney A.},
	Publisher = {Lawrence Erlbaum Ass},
	Title = {The `Artificial Life' Route to Artificial Intelligence: {B}uilding Embodied, Situated Agents},
	Year = {1995}}

@article{Fujita:1998,
	Author = {Fujita, Masahiro and Kitano, Hiroaki},
	Journal = {Autonomous Robots},
	Number = {1},
	Pages = {7--18},
	Title = {Development of an Autonomous Quadruped Robot for Robot Entertainment},
	Volume = {5},
	Year = {1998}}

@article{Steels:01h,
	Author = {Steels, Luc and Kaplan, Fr{\'e}d{\'e}ric},
	Journal = {Evolution of Communication},
	Number = {1},
	Pages = {3--32},
	Title = {Aibo's First Words: {T}he Social Learning of Language and Meaning},
	Volume = {4},
	Year = {2001}}

@BOOK{Kaplan:2001,
	AUTHOR="Kaplan, Fr\'{e}d\'{e}rique",
	PUBLISHER="Hermes Science",
	TITLE="La naissance d\' une langue chez les robots",
	YEAR="2001"
}

@article{Brooks:1986,
	Author = {Brooks, Rodney A.},
	Journal = {IEEE Journal of Robotics and Automation},
	Month = {3},
	Number = {1},
	Pages = {14--23},
	Title = {A Robust Layered Control System for a Mobile Robot},
	Volume = {2},
	Year = {1986}}

@inproceedings{DeBeule:2006,
  author={De Beule, Joachim and De Vylder, Bart and Belpaeme, Tony},
  title={A Cross-Situational Learning Algorithm for Damping Homonymy in the Guessing Game},
  year={2006},
  pages={466--472},
  editor={Rocha, Luis M. and Yaeger, Larry S. and Bedau, Mark A. and Floreano, Dario and Goldstone, Robert L. and Vespignani, Alessandro},
  publisher={MIT Press},
  booktitle={Artificial Life X}}

@incollection{Steels:2008spatial,
	Author = {Steels, Luc and Loetzsch, Martin},
	Booktitle = {Spatial Language and Dialogue},
	Editor = {Coventry, Kenny R. and Tenbrink, Thora and Bateman, John. A},
	Publisher = {Oxford University Press},
	Title = {Perspective Alignment in Spatial Language},
	Year = {2008}}

@incollection{Steels:2007recruitment,
	Author = {Steels, Luc},
	Booktitle = {The Emergence of Communication and Language},
	Editor = {Lyon, Caroline and Nehaniv, Chrystopher L. and Cangelosi, Angelo},
	Publisher = {Springer Verlag},
	Title = {The Recruitment Theory of Language Origins},
	Address = {Berlin},
	Pages = {129--151},
	Year = {2007}}

@INCOLLECTION {Steels:2012,
    author    = "Steels, Luc",
    title     = "Self-organization and selection in language  evolution",
    booktitle = "Experiments in Cultural Language Evolution",
    publisher = "John Benjamins",
    year      = "2012",
    editor    = "Steels, Luc",
    pages     = "1-37",
    address   = "Amsterdam, Netherlands"
}

@article{Steels:1998,
 author = {Steels, Luc},
 title = {The Origins of Syntax in Visually Grounded Robotic Agents},
 journal = {Artificial Intelligence},
 issue_date = {1998},
 volume = {103},
 number = {1-2},
 month = "8",
 year = {1998},
 issn = {0004-3702},
 pages = {133--156},
 numpages = {24},
 url = {http://dx.doi.org/10.1016/S0004-3702(98)00066-6},
 doi = {10.1016/S0004-3702(98)00066-6},
 acmid = {291748},
 publisher = {Elsevier Science Publishers Ltd.},
 address = {Essex, UK},
} 

@inproceedings{steels97origins-syntax,
	Address = {San Francisco, CA},
	Author = {Steels, Luc},
	Booktitle = {Proceedings of the Fifteenth International Joint Conference on Artificial Intelligence},
	Editor = {Pollack, Martha E.},
	Pages = {1632--1641},
	Publisher = {Morgan Kaufmann},
	Title = {The Origins of Syntax in Visually Grounded Robotic Agents},
	Year = {1997}}

@BOOK {vanTrijp:2014,
    author    = "{van Trijp}, Remi",
    title     = "The Evolution of Case Grammar",
    publisher = "Language Science Press",
    year      = "2014",
    address   = "Berlin, Germany"
}

@inproceedings{Siskind:2000,
	Author = {Siskind, Jeffrey Mark},
	Booktitle = {Proceedings of the National Conference on Artificial Intelligence (AAAI)},
	Month = {8},
	Pages = {149--155},
	Title = {Visual Event Classification via Force Dynamics},
	Year = {2000}}

@article{Steels:2003,
	Author = {Steels, Luc and Baillie, Jean-Christophe},
	Journal = {Robotics and Autonomous Systems},
	Number = {2-3},
	Pages = {163--173},
	Title = {Shared Grounding of Event Descriptions by Autonomous Robots},
	Volume = {43},
	Year = {2003}}

@MISC {Steels:2001,
    author       = "Steels, Luc",
    title        = "COGAR A formalism for Cognitive Grammar",
    howpublished = "Technical Report 2001-17, Sony CSL Paris",
    year         = "2001"
}

@inproceedings{	Steels:07d,
	Author = {Steels, Luc and {van Trijp}, Remi and Wellens, Pieter},
	Booktitle = {Proceedings of the Ninth European Conference on Artificial Life},
	Date-Added = {2010-04-09 15:55:09 +0100},
	Date-Modified = {2011-05-08 19:37:12 +0200},
	Editor = {Almeida e Costa, Fernando and Rocha, Luis M. and Costa, Ernesto and Harvey, Inman},
	Keywords = {language,evolution of language,case grammar},
	Publisher = {Springer},
	Series = {LNAI 4648},
	Title = {{Multi-Level Selection in the Emergence of Language Systematicity}},
	Year = {2007}}

@inproceedings{DeBeule:2004,
	Address = {Groningen, The Netherlands},
	Author = {De Beule, Joachim},
	Booktitle = {Proceedings of the 16th Belgium-Netherlands Conference on Artificial Intelligence (BNAIC '04)},
	Title = {Creating Temporal Categories for an Ontology of Time},
	Year = {2004}}

@incollection{DeBeule:2006b,
  author={De Beule, Joachim},
  title={Simulating the syntax and semantics of linguistic constructions about time},
  year={2006},
  address={Dordrecht},
  editor={Gontier, Nathalie and van Bendegem, Jean Paul and Aerts, Diederik},
  series={Theory and Decision Library - Series A: {P}hilosophy and Methodology of the Social Sciences},
  publisher={Springer},
  booktitle={Evolutionary Epistemology, Language and Culture - A non-adaptationist, systems theoretical approach},
}

@incollection{Gerasymova:2012,
	Author = {Gerasymova, Kateryna. and Spranger, Michael and Beuls, Katrien},
	Booktitle = {Experiments in Cultural Language Evolution},
	Date-Added = {2012-02-02 18:15:18 +0900},
	Date-Modified = {2012-02-23 19:14:33 +0900},
	Editor = {Steels, Luc},
	Keywords = {russian aspect,temporal language},
	Pages = {257---276},
	Publisher = {John Benjamins},
	Series = {Advances in Interaction Studies},
	Title = {A Language Strategy for Aspect: {E}ncoding Aktionsarten through Morphology},
	Volume = {3},
	Year = {2012}}

@article{Steels:2005emergence,
	Author = {Steels, Luc},
	Date-Added = {2011-02-09 15:05:25 +0100},
	Date-Modified = {2011-03-14 10:39:15 +0100},
	Journal = {Connection Science},
	Keywords = {evolution of language,syntax},
	Number = {3-4},
	Pages = {213--230},
	Title = {The Emergence and Evolution of Linguistic Structure: {F}rom Lexical to Grammatical Communication Systems},
	Volume = {17},
	Year = {2005}}

% chap 11 

@book{Steels:2011,
	Date-Added = {2011-02-08 11:49:54 +0100},
	Date-Modified = {2011-11-14 23:18:43 +0900},
	Editor = {Steels, Luc},
	Keywords = {fcg,design patterns},
	Publisher = {John Benjamins},
	Title = {Design Patterns in {F}luid {C}onstruction {G}rammar},
	Year = {2011}}

@book{Steels:12c,
  editor    = {Luc Steels},
  title = {Computational Issues in {Fluid Construction Grammar}},
  series    = {Lecture Notes in Computer Science},
  year      = {2012},
  volume    = {7249},
  publisher = {Springer},
  url       = {http://dx.doi.org/10.1007/978-3-642-34120-5},
  doi       = {10.1007/978-3-642-34120-5},
  isbn      = {978-3-642-34119-9},
  timestamp = {Tue, 14 Oct 2014 15:43:09 +0200},
  biburl    = {http://dblp.uni-trier.de/rec/bib/series/lncs/7249},
  bibsource = {dblp computer science bibliography, http://dblp.org}
}

@incollection{vantrijp2012reflective,
	Author = {{van Trijp}, Remi},
	Booktitle = {Computational Issues in Fluid Construction Grammar},
	Date-Added = {2013-01-13 09:39:59 +0000},
	Date-Modified = {2013-01-13 09:41:43 +0000},
	Editor = {Steels, Luc},
	Pages = {51--74},
	Publisher = {Springer},
	Series = {Lecture Notes in Computer Science},
	Title = {A Reflective Architecture for Robust Language Processing and Learning},
	Volume = {7249},
	Year = {2012}}

@ARTICLE { loreto:2007,
AUTHOR="Loreto, Vittorio and Steels, Luc",
JOURNAL="Nature Physics",
NUMBER="11",
PAGES="758--760",
TITLE="Social Dynamics: {E}mergence of Language",
VOLUME="3",
YEAR="2007",
}

@article{DallaAsta:2006,
	Author = {Dall'Asta, Luca and Baronchelli, Andrea and Barrat, Alain and Loreto, Vittorio},
	Date-Added = {2010-04-08 15:47:31 +0100},
	Date-Modified = {2010-04-08 15:47:31 +0100},
	Journal = {Physical Review E},
	Number = {3},
	Pages = {36105},
	Publisher = {APS},
	Title = {{Nonequilibrium dynamics of language games on complex networks}},
	Volume = {74},
	Year = {2006}}

@ARTICLE {Baronchelli:2012,
    author  = "Baronchelli, Andrea and Loreto, Vittorio and Tria, Francesca",
    title   = "Language Dynamics.",
    journal = "Advances in Complex Systems",
    year    = "2012",
    volume  = "15",
    number  = "3-4"
}

@ARTICLE {Steels:07b, 
    author  = "Steels, Luc Loetzsch, Martin and Spranger, Michael.",
    title   = "Semiotic Dynamics Solves the Symbol Grounding Problem",
    journal = "Nature Precedings",
    year    = "2007",
    note    = "http://hdl.handle.net/10101/npre.2007.1234.1"
}

@article{deVylder:2006,
	Author = {De Vylder, Bart and Tuyls, Karl},
	Date-Added = {2011-05-25 18:16:31 +0200},
	Date-Modified = {2011-05-25 18:19:44 +0200},
	Journal = {Journal of Theoretical Biology},
	Keywords = {evolution of language,naming game},
	Number = {4},
	Pages = {818--831},
	Title = {How to reach linguistic consensus: {A} proof of convergence for the naming game},
	Volume = {242},
	Year = {2006}}

@incollection{Spranger:2012vision,
	Author = {Spranger, Michael and Loetzsch, Martin and Steels, Luc},
	Booktitle = {{Language Grounding in Robots}},
	Date-Added = {2011-09-01 16:29:53 +0200},
	Date-Modified = {2012-02-25 20:57:42 +0900},
	Editor = {Steels, Luc and Hild, Manfred},
	Pages = {89--110},
	Publisher = {Springer},
	Title = {{A Perceptual System for Language Game Experiments}},
	Year = {2012}}

@article{Steels:2008,
	Author = {Steels, Luc and Spranger, Michael},
	Date-Added = {2010-04-18 20:47:04 +0200},
	Date-Modified = {2011-08-02 14:45:54 +0200},
	Journal = {Connection Science},
	Keywords = {language,evolution of language,body image,grounding},
	Number = {4},
	Pages = {337-358},
	Title = {The Robot in the Mirror},
	Volume = {20},
	Year = {2008}}

@inproceedings{Steels:2008b,
	Author = {Steels, Luc and Spranger, Michael},
	Booktitle = {Artificial Life XI: {P}roceedings of the Eleventh International Conference on the Simulation and Synthesis of Living Systems},
	Date-Added = {2010-04-18 20:53:03 +0200},
	Date-Modified = {2011-08-02 14:44:56 +0200},
	Editor = {Bullock, Seth and Noble, Jason and Watson, Richard and Bedau, Mark A.},
	Keywords = {language,body image,grounding},
	Pages = {577--584},
	Publisher = {The MIT Press},
	Title = {Can Body Language Shape Body Image?},
	Year = {2008}}

@incollection{Steels:2012b,
	Author = {Steels, Luc and Spranger, Michael and {van Trijp}, Remi and Höfer, Sebastian and Hild, Manfred},
	Booktitle = {Language Grounding in Robots},
	Chapter = {13},
	Date-Added = {2012-01-16 03:18:18 +0900},
	Date-Modified = {2012-02-25 20:57:58 +0900},
	Editor = {Steels, Luc and Hild, Manfred},
	Pages = {255--276},
	Publisher = {Springer},
	Title = {Emergent Action Language on Real Robots},
	Year = {2012}}

@ARTICLE{Hu:1962,
  author = {Ming-Kuei Hu},
  title = {Visual Pattern Recognition by Moment Invariants},
  journal = {IRE Transactions on Information Theory},
  year = {1962},
  volume = {IT-8},
  pages = {179--187}
}

@article{Rizzolatti:1998,
	Author = {Rizzolatti, Giacomo and Arbib, Michael A.},
	Date-Added = {2011-02-10 12:54:50 +0100},
	Date-Modified = {2011-05-08 18:54:36 +0200},
	Journal = {Trends in neurosciences},
	Keywords = {language,mirror system},
	Number = {5},
	Pages = {188--194},
	Title = {{Language within our grasp}},
	Volume = {21},
	Year = {1998}}

@article{Steels:2005,
	Author = {Steels, Luc and Belpaeme, Tony},
	Date-Added = {2010-03-21 00:43:16 +0100},
	Date-Modified = {2010-04-08 15:18:26 +0100},
	Journal = {Behavioral and Brain Sciences},
	Keywords = {language,semantics,grounding},
	Number = {4},
	Pages = {469--529},
	Title = {{Coordinating perceptually grounded categories through language: {A} case study for colour}},
	Volume = {28},
	Year = {2005}}

@article{Puglisi:2008,
	Author = {Puglisi, Andrea and  Baronchelli, Andrea and Loreto, Vittorio},
	Journal = {Proceedings of the National Academy of Sciences},
	Number = {23},
	Pages = {7936-7940},
	Title = {Cultural route to the emergence of linguistic categories},
	Volume = {105},
	Year = {2008}}

@article{Baronchelli:2010,
	Author = {Baronchelli, Andrea and Gong, Tao and Puglisi, Andrea and Loreto, Vitorrio},
	Date-Added = {2010-02-24 16:16:55 +0000},
	Date-Modified = {2010-02-24 16:18:22 +0000},
	Journal = {Proceedings of the National Academy of Sciences},
	Number = {2403},
	Title = {Modeling the emergence of universality in color naming patterns},
	Volume = {107},
	Year = {2010}}

@phdthesis{Winograd:1971,
	Author = {Winograd, Terry},
	Date-Added = {2010-03-20 21:29:36 +0100},
	Date-Modified = {2010-03-20 21:43:04 +0100},
	Keywords = {semantics,compositional semantics,procedural semantics},
	School = {Massachusetts Institute of Technology},
	Title = {{Procedures as a Representation for Data in a Computer Program for Understanding Natural Language.}},
	Year = {1971},}

@INCOLLECTION {Woods:1981,
    author    = "Woods, William Aaron",
    title     = "Procedural Semantics as a Theory of Meaning",
    booktitle = "Elements of Discourse Understanding",
    publisher = "Cambridge University Press",
    year      = "1981",
    editor    = "Joshi, Aravind and Weber, Bonnie and Sag, Ivan",
    address   = "Cambridge, UK",
}

@article{Johnson-Laird:1977,
	Author = {Johnson-Laird, Philip N.},
	Date-Added = {2010-04-09 12:42:24 +0100},
	Date-Modified = {2011-05-31 20:15:55 +0200},
	Journal = {Cognition},
	Keywords = {language,semantics,procedural semantics,compositional semantics},
	Number = {3},
	Pages = {189--214},
	Publisher = {Elsevier},
	Title = {{Procedural semantics}},
	Volume = {5},
	Year = {1977}}

@inproceedings{Steels:2000,
	Author = {Steels, Luc},
	Booktitle = {ECAI 2000: {P}roceedings of the 14th European Conference on Artificial Intelligence},
	Date-Added = {2009-11-10 13:35:53 +0100},
	Date-Modified = {2011-08-09 16:02:18 +0200},
	Editor = {Werner Horn},
	Keywords = {irl,fcg},
	Pages = {764-769},
	Publisher = {IOS Publishing},
	Title = {The Emergence of Grammar in Communicating Autonomous Robotic Agents},
	Year = {2000}}

@incollection{Spranger:2012,
	Author = {Spranger, Michael and Pauw, Simon and Loetzsch, Martin and Steels, Luc},
	Booktitle = {{Language Grounding in Robots}},
	Date-Added = {2012-01-16 18:13:49 +0900},
	Date-Modified = {2012-11-24 16:26:18 +0000},
	Editor = {Steels, Luc and Hild, Manfred},
	Keywords = {irl},
	Pages = {153--172},
	Publisher = {Springer},
	Title = {{Open-ended Procedural Semantics}},
	Year = {2012}}

@incollection{steels-design,
	Address = {Berlin},
	Author = {Luc Steels},
	Booktitle = {Computational Issues in {F}luid {C}onstruction {G}rammar},
	Date-Added = {2011-08-29 21:44:33 +0000},
	Date-Modified = {2011-08-29 21:45:13 +0000},
	Editor = {Luc Steels},
	Publisher = {Springer},
	Title = {{Design Methods in Fluid Construction Grammar}},
	Year = {2012}}

@incollection{steels2011fcg-robustness,
	Address = {Amsterdam},
	Author = {Steels, Luc and {van Trijp}, Remi},
	Booktitle = {Design Patterns in Fluid Construction Grammar},
	Date-Added = {2012-04-01 15:30:12 +0000},
	Date-Modified = {2012-04-01 15:34:39 +0000},
	Editor = {Steels, Luc},
	Pages = {301--330},
	Publisher = {John Benjamins},
	Series = {Constructional Approaches to Language},
	Title = {How to Make Construction Grammars Fluid and Robust},
	Volume = {11},
	Year = {2011},
}

@article{Garrod:1987,
	Author = {Garrod, Simon and Anderson, Anthony},
	Date-Added = {2012-11-29 07:45:18 +0000},
	Date-Modified = {2012-11-29 07:46:01 +0000},
	Journal = {Cognition},
	Keywords = {dialogue,alignment},
	Number = {2},
	Pages = {181--218},
	Title = {Saying what you mean in dialogue: {A} study in conceptual and semantic co-ordination},
	Volume = {27},
	Year = {1987},
}

@article{Galantucci:2005,
	Author = {Galantucci, Bruno},
	Journal = {Cognitive Science},
	Number = {5},
	Pages = {737--767},
	Title = {An Experimental Study of the Emergence of Human Communication Systems},
	Volume = {29},
	Year = {2005}}

% chap 12 

@ARTICLE {VandeVelde:2011,
    author  = "Van de Velde, Freek",
    title   = "Left-Peripheral Expansion of the English NP",
    journal = "English Language and Linguistics",
    year    = "2011",
    volume  = "15",
    pages   = "387-415"
}

@BOOK {VanKemenade:1987,
    author    = "Van Kemenade, Ans",
    title     = "Syntactic Case and Morphological Case in the History of English",
    publisher = "Foris",
    year      = "1987",
    address   = "Dordrecht, Netherlands"
}

@INCOLLECTION {Fernandez-Ordonez:1999,
    author    = "Fernandez-Ordonez, Ines",
    title     = "Leismo, Laismo, Loismo: {E}stado de la cuestion",
    booktitle = "Gramatica Descriptiva de la Lengua Espanola",
    publisher = "Real Academia Espanola",
    year      = "1999",
    pages     = "1319-1390",
    address   = "Madrid, Spain"
}

@BOOK {Jablonka:2013,
    author    = "Jablonka, Eva and Lamb, Marion",
    title     = "Evolution in Four Dimensions.  Genetic, Epigenetic, Behavioral, and Symbolic Variation in the History of Life",
    publisher = "The MIT Press",
    year      = "2013",
    address   = "Cambridge, MA, USA"
}

@BOOK {Boeckx:2013,
    author    = "Boeckx, Cedric and Grohmann, Kleanthes",
    title     = "The Cambridge Handbook of Biolinguistics",
    publisher = "Cambridge University Press",
    year      = "2013",
    address   = "Cambridge, UK"
}

@ARTICLE {Fisher:2013,
    author  = "Fisher, Simon and Ridley, Matt",
    title   = "Culture, Genes, and the Human Revolution",
    journal = "Science",
    year    = "2013",
    volume  = "340",
    pages   = "920-930"
}

@BOOK {Richerson:2005,
    author    = "Richerson, Peter and Boyd, Robert",
    title     = "Not by genes alone. How culture transformed human evolution",
    publisher = "University of Chicago press",
    year      = "2005",
    address   = "Chicago, USA"
}

@BOOK{Dawkins:1976,
  title = {The Selfish Gene},
  publisher = {Oxford University Press},
  year = {1976},
  author = {Dawkins, Richard},
  address = {Oxford}
}

@INCOLLECTION {Luisi:2001,
    author    = "Luisi, Luigi and Oberholzer, Thomas",
    title     = "Origin of life on earth: {M}olecular biology as  an approach to the minimal cell",
    booktitle = "The Bridge between the Big Bang and Biology",
    publisher = "CNR Press",
    year      = "2001",
    editor    = "Giovanelli, Franco",
    pages     = "345-355"
}

@BOOK{Nolfi:2000,
  title = {Evolutionary Robotics. The Biology, Intelligence, and Technology
	of Self-organizing Machines},
  publisher = {MA: {M}IT Press},
  year = {2001},
  author = {Nolfi, Stefano and Dario Floreano},
  address = {Cambridge}
}

@ARTICLE {Boeckx:2005,
    author  = "Boeckx, Cedric and Piattelli-Palmarini, Massimo",
    title   = "Language as a natural object, linguistics as a natural science",
    journal = "The Linguistic Review",
    year    = "2005",
    volume  = "22",
    pages   = "447-466"
}

@INCOLLECTION {Odling-Smee:2003,
    author    = "Odling-Smee, John and Laland, Kevin and Feldman, Marcus",
    title     = "What is not niche construction?",
    booktitle = "Niche construction: {T}he neglected  process in evolution",
    publisher = "Princeton University Press",
    year      = "2003",
    volume    = "37",
    series    = "Monographs in Population Biology",
    address   = "New Jersey, USA"
}

@ARTICLE {Elith:2009,
    author  = "Elith, Jane and Leathwick, John R.",
    title   = "Species distribution models: {E}cological explanation and prediction across space and time",
    journal = "Annual Review of Ecology, Evolution and Systematics",
    year    = "2009",
    volume  = "40",
    pages   = "677-697"
}

@article{Nosil:2008,
    author = {Nosil, Patrik and Sandoval, Cristina P.},
    journal = {PLoS ONE},
    publisher = {Public Library of Science},
    title = {Ecological Niche Dimensionality and the Evolutionary Diversification of Stick Insects},
    year = {2008},
    month = {4},
    volume = {3},
    url = {http://dx.plos.org/10.1371%2Fjournal.pone.0001907},
    pages = {e1907},
    number = {4},
    doi = {10.1371/journal.pone.0001907}
}        


@ARTICLE {VanTrijp:2013,
AUTHOR={{van Trijp}, Remi},
JOURNAL="Language Dynamics and Change",
PAGES="105--132",
TITLE="Linguistic Assessment Criteria for Explaining Language Change: {A} Case Study on Syncretism in {German} Definite Articles",
VOLUME="3",
YEAR="2013",
}

@inproceedings{VanTrijp:2013b,
	Author = {{van Trijp}, Remi},
	Title = {Fitness Landscapes in Cultural Language Evolution: {A} Case Study on {German} Definite Articles},
	Booktitle = {The Evolution of Language (Evolang-X)},
	Address = {Singapore},
	Publisher = {World Scientific},
	Year = {2014}}


@INPROCEEDINGS { VanTrijp:2010,
ADDRESS="Singapore",
AUTHOR={{van Trijp}, Remi},
BOOKTITLE="The Evolution of Language (EVOLANG 8)",
EDITOR="Smith, Andrew D. M. and Schouwstra, Marieke and de Boer, Bart and Smith, Kenny",
PAGES="336--343",
PUBLISHER="World Scientific",
TITLE="Strategy Competition in the Evolution of Pronouns: {A} Case-Study of Spanish Le\'{i}smo, La\'{i}smo and Lo\'{i}smo",
YEAR="2010",
}

@BOOK {Spranger:2014,
    author    = "Spranger, Michael",
    title     = "The Evolution of Grounded Spatial Language",
    publisher = "Language Science Press",
    year      = "2014",
    volume    = "5",
    series    = "Computational Models of Language Evolution",
    address   = "Amsterdam, Netherlands"
}

@PHDTHESIS { spranger:11b,
ADDRESS="Brussels",
AUTHOR="Spranger, Michael",
SCHOOL="Vrije Universiteit Brussel",
TITLE="The Evolution of Grounded Spatial Language",
YEAR="2011",
}

@BOOK {Bleys:2014,
    author    = "Bleys, Joris",
    title     = "Language Strategies for the Domain of Colour",
    publisher = "Language Science Press",
    year      = "2014",
    volume    = "3",
    series    = "Computational Models of Language Evolution",
    address   = "Amsterdam, Netherlands"
}


@PHDTHESIS { bleys10,
ADDRESS="Brussels",
AUTHOR="Bleys, Joris",
SCHOOL="Vrije Universiteit Brussel",
TITLE="Language Strategies for the Domain of Colour",
YEAR="2011",
}

@ARTICLE{MacLaury:1992,
  author = {MacLaury, Robert E.},
  title = {From Brightness to Hue: {A}n explanatory model of color-category evolution},
  journal = {Current Anthropology},
  year = {1992},
  volume = {33},
  pages = {137-186},
  number = {2}
}

@INCOLLECTION{Casson:1997,
  author = {Casson, Ronald W.},
  title = {Color shift: {E}volution of English color terms from brightness to
	hue},
  booktitle = {Color Categories in thought and language},
  publisher = {Cambridge University Press},
  year = {1997},
  editor = {Hardin, Clyde L. and Maffi, Luisa},
  pages = {224-240}
}

@article{Wellens:2008,
	Author = {Wellens, Pieter and Loetzsch, Martin and Steels, Luc},
	Date-Added = {2010-03-09 09:32:08 +0100},
	Date-Modified = {2010-03-09 09:33:00 +0100},
	Journal = {Connection Science},
	Number = {2},
	Pages = {173--191},
	Title = {Flexible Word Meaning in Embodied Agents},
	Volume = {20},
	Year = {2008}}

@book{Heine:2007,
	Author = {Heine, Bernd and Kuteva, Tania},
	Date-Added = {2012-12-13 02:49:09 +0000},
	Date-Modified = {2012-12-13 02:52:24 +0000},
	Keywords = {language,grammaticalization,evolution of language},
	Publisher = {Oxford University Press},
	Series = {Oxford Studies in the Evolution of Language},
	Title = {The Genesis of Grammar},
	Year = {2007}}

@book{Hopper:1993,
	Author = {Hopper, Paul and Traugott, Elizabeth},
	Title = {Grammaticalization},
	Address = {Cambridge},
	Publisher = {Cambridge University Press},
	Year = {1993}}

@article{Lehmann:1982,
  author = {Lehmann, Christian}, 
  title = {Thoughts on Grammaticalization. Vol. {I}}, 
  Journal = {Arbeiten des Kölner Universalienprojekts}, 
  volume = {48}, 
  year = {1982}
}

@BOOK {Traugott:2013,
    author    = "Traugott, Elisabeth and Trousdale, Graeme",
    title     = "Constructionalization and Constructional Changes",
    publisher = "Oxford University Press",
    year      = "2013",
    address   = "Oxford, UK"
}


@article{Beuls:2013,
    author = "Beuls, Katrien and Steels, Luc",
    journal = "PLoS ONE",
    publisher = {Public Library of Science},
    title = {Agent-Based Models of Strategies for the Emergence and Evolution of Grammatical Agreement},
    year = "2013",
    month = {3},
    volume = "8",
    url = {http://dx.doi.org/10.1371%2Fjournal.pone.0058960},
    pages = {e58960},
       number = {3},
    doi = {10.1371/journal.pone.0058960}
}        


@incollection{Lehmann:1988,
   Author = {Lehmann, Christian},
   Title = {On the Function of Agreement},
   Pages = {55--65},
   Chapter = {3},
   Editor = {Barlow, Michael and Ferguson, Charles},
   Publisher = {Center for the Study of Language and Information},
   Booktitle = {Agreement in natural language: {A}pproaches, theories, descriptions.},
   Address = {Stanford Ca},
   Year = {1988}}

@article{Luraghi:2011,
	Author = {Luraghi, Silvia}, 
	Journal = {Folia Linguistic},
	Pages = {435-464},
	Title = {The origin of the Proto-Indo-European gender system: {T}ypological considerations},
	Volume = {45},
	Number = {2},
	Year = {2011}}

@inproceedings{Steels:2007,
	Address = {Honolulu, HI},
	Author = {Steels, Luc and Wellens, Pieter},
	Booktitle = {IEEE Symposium on Artificial Life 2007 (Alife'07)},
	Publisher = {Wiley -- IEEE Press},
	Pages = {325--332},
	Title = {Scaffolding Language Emergence Using the Autotelic Principle},
	Year = {2007}}

@BOOK {Dor:2014,
    author    = "Dor, Daniel and Knight, Chris and Lewis, Jerome",
    title     = "The Social Origins of Language",
    publisher = "Oxford University Press",
    year      = "2014",
    address   = "Oxford, UK"
}

@book{Mufwene:2001,
	Address = {New York},
	Author = {Mufwene, Salikoko},
	Publisher = {Continuum International Publishing Cy.},
	Title = {Language Evolution: {C}ontact, Competition and Change.},
	Year = {2008}}

%%% this is the list of all publications 

@BOOK { Steels:94a,
ADDRESS="New Haven",
AUTHOR="Steels, Luc and Brooks, Rodney",
PUBLISHER="Lawrence Erlbaum Ass",
TITLE="The `artificial life' route to `artificial intelligence'. Building Situated Embodied Agents.",
YEAR="1994",
}

@BOOK {Steels:95a,
    author    = "Steels, Luc (ed)",
    title     = "The Biology and Technology of Intelligent Autonomous Agents",
    publisher = "Springer-Verlag",
    year      = "1995",
    volume    = "144",
    series    = "NATO ASI: {S}eries F, Computer and Systems Sciences",
    address   = "Berlin"
}


@ARTICLE { Steels:95b,
AUTHOR="Steels, Luc",
JOURNAL="Artificial Life Journal",
NUMBER="3",
PAGES="319--332",
TITLE="A self-organizing spatial vocabulary",
VOLUME="2",
YEAR="1995",
}


@INPROCEEDINGS { Steels:96a,
ADDRESS="Cambridge, MA",
AUTHOR="Steels, Luc",
BOOKTITLE="Artificial Life V: {P}roceeding of the Fifth International Workshop on the Synthesis and Simulation of Living Systems",
EDITOR="Langton, Christopher and Shimohara, Katsunori",
PAGES="179--184",
PUBLISHER="The MIT Press",
TITLE="Self-Organizing Vocabularies",
YEAR="1997",
}

@INPROCEEDINGS { Steels:96b,
ADDRESS="Cambridge, MA",
AUTHOR="Steels, Luc",
BOOKTITLE="From Animals to Animats 4: {P}roceedings of the Fourth International Conference On Simulation of Adaptive Behavior",
EDITOR="Maes, Pattie and Mataric, Maja and Meyer, Jean-Arcady and Pollack, Jordan and Wilson, Stewart W.",
PAGES="562--567",
PUBLISHER="The MIT Press",
TITLE="Emergent Adaptive Lexicons",
YEAR="1996",
}

@INCOLLECTION { Steels:97a,
ADDRESS="Oxford",
AUTHOR="Steels, Luc",
BOOKTITLE="Machine Intelligence 15",
EDITOR="Muggleton, Stephen",
PAGES="205--224",
PUBLISHER="Oxford University Press",
TITLE="The Spontaneous Self-organization of an Adaptive Language",
YEAR="1999",
}

@ARTICLE { Steels:97c,
AUTHOR="Steels, Luc",
JOURNAL="Artificial Intelligence",
NUMBER="1--2",
PAGES="133-156",
TITLE="The origins of syntax in visually grounded robotic agents.",
VOLUME="103",
YEAR="1998",
}

@INCOLLECTION { Steels:97d,
ADDRESS="Prague",
AUTHOR="Steels, Luc",
BOOKTITLE="Workshop Notes of the ECML/MLnet Familiarization Workshop on Empirical Learning of Natural Language Processing Tasks",
EDITOR="Daelemans, Walter and Van den Bosh, Antal and Weijters, Ton",
PAGES="11--24",
PUBLISHER="ECML / MLnet",
TITLE="Language Learning and Language Contact",
YEAR="1997",
}

@INPROCEEDINGS { Steels:97e,
ADDRESS="Berlin",
AUTHOR="Steels, Luc",
BOOKTITLE="Proceedings of the Ninth European Conference on Machine Learning",
EDITOR="van Someren, Maarten and Widmer, Gerhard",
PAGES="4--13",
PUBLISHER="Springer-Verlag",
TITLE="Constructing and Sharing Perceptual Distinctions",
YEAR="1997",
}

@INCOLLECTION { Steels:97f,
ADDRESS="Edinburgh",
AUTHOR="Steels, Luc",
BOOKTITLE="Approaches to the Evolution of Language: {S}ocial and Cognitive bases",
EDITOR="Hurford, James and Knight, Chris and Studdert-Kennedy, Michael",
PAGES="384--404",
PUBLISHER="Edinburgh University Press",
TITLE="Synthesising the Origins of Language and Meaning Using Co-evolution, Self-organisation and Level formation",
YEAR="1998",
}

@INPROCEEDINGS { Steels:97g,
ADDRESS="Paris",
AUTHOR="Steels, Luc and Vogt, Paul",
BOOKTITLE="Intelligence Artificielle et Complexit\'e",
EDITOR="Ali Cherif, Arab and Signorini, Jacqueline",
PAGES="27--39",
TITLE="Ancrage de Jeux de Langage Adaptatifs dans des Agents Robotiques",
YEAR="1997",
}

@INPROCEEDINGS { Steels:97h,
ADDRESS="Cambridge, MA",
AUTHOR="Steels, Luc and Vogt, Paul",
BOOKTITLE="Proceedings of the 4th European Conference on Artificial Life",
EDITOR="Harvey, Inman and Husbands, Phil",
PAGES="474--482",
PUBLISHER="The MIT Press",
TITLE="Grounding Adaptive Language Games in Robotic Agents",
YEAR="1997",
}

@INPROCEEDINGS { Steels:98a,
ADDRESS="San Francisco, CA",
AUTHOR="Steels, Luc and Kaplan, Fr\'{e}d\'{e}rique",
BOOKTITLE="Proceedings of COLING-ACL 1998",
MONTH="8",
PAGES="1243--1250",
PUBLISHER="Morgan Kaufmann",
TITLE="Spontaneous Lexicon Change",
YEAR="1998",
}

@INPROCEEDINGS { Steels:98b,
ADDRESS="Cambridge, CA",
AUTHOR="Steels, Luc",
BOOKTITLE="From Animals to Animats 5: {P}roceedings of SAB 98",
EDITOR="Pfeifer, Rolf and Blumberg, Bruce and Meyer, Jean-Arcady and Wilson, Stewart",
PAGES="263--269",
PUBLISHER="The MIT Press",
TITLE="Structural Coupling of Cognitive Memories Through Adaptive Language Games",
YEAR="1998",
}

@ARTICLE { Steels:98c,
AUTHOR="Steels, Luc",
JOURNAL="Artificial Intelligence",
NUMBER="1-2",
PAGES="133-156",
TITLE="The origins of syntax in visually grounded robotic agents.",
VOLUME="103",
YEAR="1998",
}

@INPROCEEDINGS { Steels:98d,
ADDRESS="Cambridge, MA",
AUTHOR="Steels, Luc and Kaplan, Fr\'{e}d\'{e}rique",
BOOKTITLE="Proceedings of Artificial Life VI",
EDITOR="Adami, Christoph and Belew, Richard and Kitano, Hiroaki and Taylor, Charles",
MONTH="6",
PAGES="368--376",
PUBLISHER="The MIT Press",
TITLE="Stochasticity as a Source of Innovation in Language Games",
YEAR="1998",
}

@ARTICLE { Steels:98e,
AUTHOR="Steels, Luc",
JOURNAL="Journal of Agents and Multi-Agent Systems",
NUMBER="2",
PAGES="169--194",
TITLE="The Origins of Ontologies and Communication Conventions in Multi-Agent Systems",
VOLUME="1",
YEAR="1998",
}

@INPROCEEDINGS { kaplan:98f,
ADDRESS="Tokyo",
AUTHOR="Kaplan, Fr\'{e}d\'{e}rique and Steels, Luc and McIntyre, Angus",
BOOKTITLE="Proceedings of Sony Research Forum 1998",
TITLE="An architecture for evolving robust shared communication systems in noisy environments",
YEAR="1998",
}

@INPROCEEDINGS { mcintyre:99a,
ADDRESS="Tokyo",
AUTHOR="McIntyre, Angus and Steels, Luc and Kaplan, Fr\'{e}d\'{e}rique",
BOOKTITLE="Proceedings of Sony Research Forum 1999",
TITLE="Net-mobile embodied agents",
YEAR="1999",
}

@INCOLLECTION {Steels:99b,
    author    = "Steels, Luc",
    title     = "Cognitive Teleportation and Situated Embodiment",
    booktitle = "Advances in Artificial Life",
    publisher = "Springer",
    year      = "1999",
    editor    = "Floreano, Dario and Nicoud, Jean-Daniel and Mondada, Francesco",
    volume    = "1674",
    series    = "Lecture Notes in Computer Science",
    pages     = "7",
    address   = "Berlin"
}

@ARTICLE { Steels:99c,
ADDRESS="Paris",
AUTHOR="Steels, Luc and McIntyre, Angus",
JOURNAL="Advances in complex systems",
MONTH="1",
NUMBER="4",
PAGES="301--323",
PUBLISHER="Hermes",
TITLE="Spatially Distributed Naming Games",
VOLUME="1",
YEAR="1999",
}

@BOOK { Steels:99d,
ADDRESS="Antwerpen",
AUTHOR="Steels, Luc",
HOWPUBLISHED="Special pre-edition for LABORATORIUM",
PUBLISHER="Laboratorium",
TITLE="The Talking Heads Experiment. Volume 1. Words and Meanings",
YEAR="1999",
}

@ARTICLE { Steels:99e,
AUTHOR="Steels, Luc",
JOURNAL="Kognitionswissenschaft",
NUMBER="4",
PAGES="143-150",
TITLE="The puzzle of language evolution",
VOLUME="8",
YEAR="2000",
}

@INPROCEEDINGS { Steels:99f,
ADDRESS="San Francisco",
AUTHOR="Steels, Luc and Kaplan, Fr\'{e}d\'{e}rique",
BOOKTITLE="Proceedings of the 16th International Joint Conference on Artificial Intelligence IJCAI 99",
EDITOR="Dean, Thomas",
PAGES="862-867",
PUBLISHER="Morgan Kaufmann Publishers",
TITLE="Situated Grounded Word Semantics",
VOLUME="2",
YEAR="1999",
}

@INPROCEEDINGS { Kaplan:00a,
AUTHOR="Kaplan, Fr\'{e}d\'{e}rique and Steels, Luc",
BOOKTITLE="Journ\'{e}e ARC Evolution et Cognition",
EDITOR="Dessalles, Jean-Louis",
MONTH="12",
PAGES="13--18",
PUBLISHER="ENST Paris, ENST 2000-S-004",
TITLE="Comment les robots construisent leur monde : {E}xperiences sur la convergence des cat\'{e}gories sensorielles",
YEAR="2000",
}

@INPROCEEDINGS { Steels:00b,
ADDRESS="Berlin",
AUTHOR="Steels, Luc",
BOOKTITLE="Proceedings of the 6th International Conference on Parallel Problem Solving from Nature",
EDITOR="Schoenauer, Marc and Deb, Kalyanmoy and Rudolph, Günter and Yao, Xin and Lutton, Evelyne and Merelo, Juan J. and Schwefel, Hans-Paul",
MONTH="9",
PAGES="17-26",
PUBLISHER="Springer-Verlag",
SERIES="Lecture Notes in Computer Science",
TITLE="Language as a Complex Adaptive System",
VOLUME="1917",
YEAR="2000",
}

@INPROCEEDINGS { Steels:00c,
ADDRESS="Amsterdam",
AUTHOR="Steels, Luc",
BOOKTITLE="ECAI 2000: {P}roceedings of the 14th European Conference on Artificial Life",
EDITOR="Horn, Werner",
MONTH="8",
PAGES="764--769",
PUBLISHER="IOS Publishing",
TITLE="The Emergence of Grammar in Communicating Autonomous Robotic Agents",
YEAR="2000",
}

@INPROCEEDINGS { Steels:00d,
ADDRESS="Paris",
AUTHOR="Steels, Luc",
BOOKTITLE="Proceedings of the 3rd Sony CSL Paris Symposium: {T}he ecological brain",
TITLE="A brain for language",
YEAR="2000",
}

@INPROCEEDINGS { Steels:00e,
AUTHOR="Steels, Luc",
BOOKTITLE="Architectures of the Mind, Architectures of the Brain",
MONTH="9",
TITLE="Mirror Neurons and the Action Theory of Language Origins",
YEAR="2000",
}

@ARTICLE { Steels:00f,
AUTHOR="Steels, Luc and Kaplan, Fr\'{e}d\'{e}rique",
JOURNAL="Revue du Palais de la D\'ecouverte",
MONTH="5",
PAGES="63--67",
TITLE="Origine et \'evolution du langage : {E}xp\'eriences robotiques",
VOLUME="278",
YEAR="2000",
}

@INPROCEEDINGS { Steels:00g,
ADDRESS="Cambridge, MA",
AUTHOR="Steels, Luc and Oudeyer, Pierre-Yves",
BOOKTITLE="Artificial Life VII: {P}roceedings of the seventh International Conference on Artificial Life",
JOURNAL="Proceedings of the VIIth Artificial life conference (Alife 7), MIT Press",
PAGES="382--394",
PUBLISHER="The MIT Press",
TITLE="The cultural evolution of syntactic constraints in phonology",
YEAR="2000",
}

@INPROCEEDINGS { Steels:01a,
ADDRESS="Piscataway, NY",
AUTHOR="Steels, Luc",
BOOKTITLE="Proceedings of the IEEE-RAS International Conference on Humanoid Robots",
PAGES="335--342",
PUBLISHER="IEEE Press",
TITLE="Social learning and verbal communication with humanoid robots",
YEAR="2001",
}

@INPROCEEDINGS { Steels:01b,
ADDRESS="Menlo Park, CA",
AUTHOR="Steels, Luc",
BOOKTITLE="Learning grounded representations: {P}apers from the 2001 AAAI Spring Symposium",
EDITOR="Cohen, Paul R. and Oates, Tim",
PAGES="80--83",
PUBLISHER="AAAI Press",
TITLE="The role of language in learning grounded representations",
YEAR="2001",
}

@INCOLLECTION { Steels:01c,
ADDRESS="Cambridge, MA",
AUTHOR="Steels, Luc",
BOOKTITLE="Evolution of communication systems : {A} comparative approach",
EDITOR="Oller, D. Kimbrough and Griebel, Ulrike",
PAGES="69--90",
PUBLISHER="The MIT Press",
TITLE="Social and cultural learning in the evolution of human communication",
YEAR="2004",
}

@ARTICLE { Steels:01d,
AUTHOR="Steels, Luc",
JOURNAL="Vie Artificielle: {T}echnique et sciences informatiques RSTI serie TSI",
NUMBER="2",
PAGES="197--219",
TITLE="Linguistique evolutionaire et vie artificielle",
VOLUME="22",
YEAR="2003",
}

@INCOLLECTION { Steels:01e,
ADDRESS="Oxford, UK",
AUTHOR="Steels, Luc",
BOOKTITLE="Social Robots",
EDITOR="McFarland, David and Holland, Owen",
PUBLISHER="Oxford University Press",
TITLE="Social learning and language acquisition",
YEAR="2001",
}

@ARTICLE { Steels:01f,
AUTHOR="Steels, Luc",
JOURNAL="IEEE Intelligent Systems",
MONTH="10",
NUMBER="5",
PAGES="16-22",
TITLE="Language Games for Autonomous Robots",
VOLUME="16",
YEAR="2001",
}

@ARTICLE { Steels:01g,
AUTHOR="Steels, Luc",
JOURNAL="Behavioral and brain sciences",
NUMBER="6",
PAGES="1077-1078",
TITLE="The methodology of the artificial",
VOLUME="24",
YEAR="2001",
}

@INCOLLECTION { Steels:02b,
ADDRESS="London",
AUTHOR="Steels, Luc",
BOOKTITLE="Simulating the evolution of language",
EDITOR="Cangelosi, Angelo and Parisi, Domenico",
PAGES="211--226",
PUBLISHER="Springer Verlag",
TITLE="Grounding symbols through evolutionary language games",
YEAR="2002",
}

@INPROCEEDINGS { Steels:02c,
ADDRESS="Zurich",
AUTHOR="Steels, Luc",
BOOKTITLE="Proceedings of the International Workshop of Self-Organization and Evolution of Social Behaviour",
EDITOR="Hemelrijk, Charlotte and Bonabeau, Eric",
PUBLISHER="University of Zurich",
TITLE="Iterated Learning versus Language Games. Two models for cultural language evolution",
YEAR="2002",
}

@INCOLLECTION { Steels:02d,
ADDRESS="Cambridge, UK",
AUTHOR="Steels, Luc and Kaplan, Fr\'{e}d\'{e}rique",
BOOKTITLE="Linguistic evolution through language acquisition: {F}ormal and computational models",
EDITOR="Briscoe, Ted",
PAGES="53--74",
PUBLISHER="Cambridge University Press",
TITLE="Bootstrapping grounded word semantics",
YEAR="2002",
}

@incollection{Steels:02e,
  author = {Steels, Luc and Kaplan, Fr\'{e}d\'{e}rique and McIntyre, Angus and Van Looveren, Joris},
  title = {Crucial factors in the origins of word-meaning},
  year = {2002},
  address = {Oxford, UK},
  booktitle = {The Transition to Language},
  editor = {Wray, Alison},
  publisher = {Oxford University Press}
}

@INPROCEEDINGS { Steels:02f,
ADDRESS="Harvard University",
AUTHOR="Steels, Luc",
BOOKTITLE="Presented at the 4th International Conference on the Evolution of Language",
TITLE="Simulating the Evolution of a Grammar for Case",
YEAR="2002",
}


@ARTICLE { Steels:03a,
AUTHOR="Steels, Luc and Baillie, Jean-Christophe",
JOURNAL="Robotics and Autonomous Systems",
NUMBER="2-3",
PAGES="163--173",
TITLE="Shared grounding of event descriptions by autonomous robots",
VOLUME="43",
YEAR="2003",
}

@ARTICLE { Steels:03b,
AUTHOR="Steels, Luc and Baillie, Jean-Christophe",
JOURNAL="Trends in Cognitive Science",
MONTH="7",
NUMBER="7",
PAGES="308-312",
TITLE="Evolving grounded communication for robots",
VOLUME="7",
YEAR="2003",
}

@ARTICLE { Steels:03c,
AUTHOR="Steels, Luc",
JOURNAL="Journal of Consciousness Studies",
NUMBER="4-5",
PAGES="173-185",
TITLE="Language-reentrance and the \'Inner Voice\'",
VOLUME="10",
YEAR="2003",
}

@ARTICLE { Steels:03d,
AUTHOR="Steels, Luc",
JOURNAL="Philosophical Transactions of the Royal Society A",
MONTH="10",
NUMBER="1811",
PAGES="2381--2395",
TITLE="Intelligence with representation",
VOLUME="361",
YEAR="2003",
}

@incollection { Steels:03e,
ADDRESS="Amsterdam",
AUTHOR="Steels, Luc",
BOOKTITLE="The Future of Learning",
CHAPTER="7",
EDITOR="Tokoro, Mario and Steels, Luc",
PAGES="133-162",
PUBLISHER="IOS Press",
TITLE="Social Language learning",
YEAR="2003",
}

@ARTICLE { dejong:03f,
AUTHOR="De Jong, Edwin D. and Steels, Luc",
JOURNAL="Complex Systems",
NUMBER="4-5",
PAGES="315-334",
TITLE="A Distributed Learning Algorithm for Communication Development",
VOLUME="14",
YEAR="2003",
}

@UNPUBLISHED {Neubauer:03g,
    author = "Neubauer, Nicolas and Steels, Luc",
    title  = "Compositionality in Horizontal Transmission",
    note   = "European Cognitive Science Conference, University of Osnabruck",
    year   = "2003"
}

@ARTICLE { Manuel:03h,
AUTHOR="Manuel, Tyrus L.",
JOURNAL="IEEE Intelligent Systems",
MONTH="May/June",
NUMBER="3",
PAGES="59-61",
TITLE="Creating a Robot Culture: {A}n Interview with Luc Steels",
VOLUME="18",
YEAR="2003",
}

@INCOLLECTION { Steels:04a,
ADDRESS="Berlin",
AUTHOR="Steels, Luc",
BOOKTITLE="Adaptive Agents and Multi-Agent Systems",
EDITOR="Alonso, Eduardo and Daniel Kudenko and Dimitar Kazakov",
PAGES="125--140",
PUBLISHER="Springer Verlag",
SERIES="Lecture Notes in AI",
TITLE="The Evolution of Communication Systems by Adaptive Agents",
VOLUME="2636",
YEAR="2004",
}

@INCOLLECTION { Steels:04b,
ADDRESS="Berlin",
AUTHOR="Steels, Luc",
BOOKTITLE="Embodied Artificial Intelligence",
EDITOR="Fumiya, Iida and Pfeifer, Rolf and Steels, Luc and Kuniyoshi, Yasuo",
PAGES="231--242",
PUBLISHER="Springer Verlag",
SERIES="Lecture Notes in AI",
TITLE="The Autotelic Principle",
VOLUME="3139",
YEAR="2004",
}

@INCOLLECTION { Steels:04c,
ADDRESS="Amsterdam",
AUTHOR="Steels, Luc",
BOOKTITLE="A Learning Zone of One's Own",
EDITOR="Tokoro, Mario and Steels, Luc",
PAGES="135--150",
PUBLISHER="IOS Press",
TITLE="The Architecture of Flow",
YEAR="2004",
}

@INPROCEEDINGS { Steels:04d,
AUTHOR="Steels, Luc",
BOOKTITLE="Proceedings of the Annual Meeting of the Association for Computational Linguistics",
EDITOR="Daelemans, Walter and Walker, Marilyn",
ORGANIZATION="Association for Computational Linguistic Conference",
PAGES="9-19",
TITLE="Constructivist Development of Grounded Construction Grammars",
YEAR="2004",
}

@INPROCEEDINGS { Steels:04e,
ADDRESS="Marseille",
AUTHOR="Steels, Luc and De Beule, Joachim and Neubauer, Nicolas and Van Looveren, Joris",
BOOKTITLE="Poster presentation at the International Conference on Construction Grammars",
TITLE="Fluid Construction Grammars",
YEAR="2004",
}

@ARTICLE { Steels:05a,
AUTHOR="Steels, Luc",
JOURNAL="Connection Science",
MONTH="Sep-Dec",
NUMBER="3-4",
PAGES="213--230",
TITLE="The Emergence and Evolution of Linguistic Structure: {F}rom Lexical to Grammatical Communication Systems",
VOLUME="17",
YEAR="2005",
}

@ARTICLE { Steels:05c,
AUTHOR="Steels, Luc and Belpaeme, Tony",
JOURNAL="Behavioral and Brain Sciences",
NUMBER="4",
PAGES="515--529",
TITLE="The Semiotic Dynamics of Color",
VOLUME="28",
YEAR="2005",
}


@INPROCEEDINGS { Steels:05d,
ADDRESS="Brussels",
AUTHOR="Steels, Luc and De Beule, Joachim and Neubauer, Nicolas",
BOOKTITLE="Proceedings of BNAIC",
JOURNAL="Submitted",
ORGANIZATION="Transactions of the Belgian Royal Society of Arts and Sciences",
PAGES="11--18",
TITLE="Linking in Fluid Construction Grammars",
YEAR="2005",
}

@INPROCEEDINGS { Steels:05e,
ADDRESS="Berlin",
AUTHOR="Steels, Luc and Bleys, Joris",
BOOKTITLE="Proceedings of CAEPIA \'05. Lecture Notes in AI.",
EDITOR="Bugarin Diz, Alberto and José Santos Reyes",
PUBLISHER="Springer Verlag",
TITLE="Planning What To Say: {S}econd Order Semantics for Fluid Construction Grammars",
YEAR="2005",
}

@INPROCEEDINGS { Steels:05f,
ADDRESS="Hatfield",
AUTHOR="Steels, Luc",
BOOKTITLE="AISB'05: {P}roceedings of the Second International Symposium on the Emergence and Evolution of Linguistic Communication (EELC'05)",
PAGES="143--150",
PUBLISHER="University of Hertfordshire",
TITLE="What triggers the emergence of grammar?",
YEAR="2005",
}

@INPROCEEDINGS { Steels:05g,
ADDRESS="Berlin",
AUTHOR="Steels, Luc",
BOOKTITLE="Proceedings of KI-2005",
JOURNAL="Lecture Notes in AI 3698",
PAGES="1--15",
PUBLISHER="Springer-Verlag",
TITLE= "Hierarchy in Fluid Construction Grammar",
YEAR="2005",
}

@ARTICLE { Steels:06a,
AUTHOR="Steels, Luc",
JOURNAL="IEEE Intelligent Systems",
MONTH="May/June",
NUMBER="3",
PAGES="32--38",
TITLE="Semiotic Dynamics for Embodied Agents",
VOLUME="21",
YEAR="2006",
}

@INCOLLECTION { Steels:06b,
ADDRESS="Berlin",
AUTHOR="Steels, Luc and De Beule, Joachim",
BOOKTITLE="Symbol Grounding and Beyond: {P}roceedings of the Third International Workshop on the Emergence and Evolution of Linguistic Communication",
EDITOR="Vogt, Paul and Sugita, Yuuya and Tuci, Elio and Nehaniv, Chrystopher",
PAGES="197--223",
PUBLISHER="Springer-Verlag",
SERIES="LNAI 4211",
TITLE="Unify and Merge in Fluid Construction Grammar",
YEAR="2006",
}

@ARTICLE { Steels:06c,
AUTHOR="Steels, Luc",
JOURNAL="Pragmatics and Cognition",
NUMBER="2",
PAGES="287--292",
TITLE="Collaborative Tagging as Distributed Cognition",
VOLUME="14",
YEAR="2006",
}

@ARTICLE { Steels:06d,
AUTHOR="Steels, Luc",
JOURNAL="Trends in Cognitive Sciences",
MONTH="8",
NUMBER="8",
PAGES="347--349",
TITLE="Experiments on the Emergence of Human Communication",
VOLUME="10",
YEAR="2006",
}

@INPROCEEDINGS { Steels:06e,
ADDRESS="Berlin",
AUTHOR="Steels, Luc and Wellens, Pieter",
BOOKTITLE="Symbol Grounding and Beyond: {P}roceedings of the Third International Workshop on the Emergence and Evolution of Linguistic Commun",
EDITOR="Vogt, Paul and Sugita, Yuuya and Tuci, Elio and Nehaniv, Chrystopher",
PAGES="76--88",
PUBLISHER="Springer-Verlag",
SERIES="LNAI 4211",
TITLE="How Grammar Emerges to Dampen Combinatorial Search in Parsing",
YEAR="2006",
}


@ARTICLE { Loreto:07a,
AUTHOR="Loreto, Vittorio and Steels, Luc",
JOURNAL="Nature Physics",
NUMBER="11",
PAGES="758--760",
TITLE="Social Dynamics: {E}mergence of Language",
VOLUME="3",
YEAR="2007",
}

@INPROCEEDINGS { Steels:07c,
ADDRESS="Berlin",
AUTHOR="Steels, Luc",
BOOKTITLE="50 Years of Artificial Intelligence, Essays Dedicated to the 50th Anniversary of Artificial Intelligence",
EDITOR="Lungarella, Max and Iida, Fumiya and Bongard, Josh and Pfeifer, Rolf",
PAGES="18--28",
PUBLISHER="Springer Verlag",
SERIES="LNAI",
TITLE="Fifty Years of AI: {F}rom Symbols to Embodiment - and Back",
VOLUME="4850",
YEAR="2007",
}

@INPROCEEDINGS { vantrijp:07d,
ADDRESS="Berlin",
AUTHOR= "{van Trijp}, Remi and Steels, Luc and Wellens, Pieter",
BOOKTITLE="Proceedings of the Ninth European Conference on Artificial Life",
EDITOR="Almeida e Costa, Fernando and Rocha, Luis M. and Costa, Ernesto and Harvey, Inman",
PAGES="425-434", 
PUBLISHER="Springer Verlag",
SERIES="LNCS",
TITLE="Multi-Level Selection in the Emergence of Language Systematicity",
VOLUME="4648",
YEAR="2007",
}

@INPROCEEDINGS {Steels:07e,
    author    = "Steels, Luc and Wellens, Pieter",
    title     = "Scaffolding Language Emergence Using the Autotelic Principle",
    booktitle = "First IEEE Alife Conference",
    year      = "2007",
    pages     = "325-332",
    address   = "Wiley NY",
    publisher = "IEEE Press"
}

@INCOLLECTION {Steels:07f,
    author    = "Steels, Luc",
    title     = "Language Originated in Social Brains",
    booktitle = "Social Brain Matters. Stances on the Neurobiology of Social Cognition",
    publisher = "Rodopi",
    year      = "2007",
    editor    = "Vilarroya, Oscar and Forn, Francesc",
    volume    = "190",
    series    = "Value Inquiry Book Series",
    pages     = "223-242",
    address   = "Barcelona"
}

@INCOLLECTION { Steels:07g,
ADDRESS="Berlin",
AUTHOR="Steels, Luc",
BOOKTITLE="Emergence of Language and Communication",
EDITOR="Lyon, Caroline and Nehaniv, Chrystopher L. and Cangelosi, Angelo",
PAGES="129--151",
PUBLISHER="Springer",
TITLE="The Recruitment Theory of Language Origins",
YEAR="2007",
}

@ARTICLE { Steels:07h,
AUTHOR="Steels, Luc",
JOURNAL="Behavioral and Brain Sciences",
NOTE="Open peer commentary",
NUMBER="4",
PAGES="376--377",
TITLE="Is Symbolic Inheritance Similar to Genetic Inheritance?",
VOLUME="30",
YEAR="2007",
}

@INCOLLECTION { Steels:07i,
ADDRESS="Berlin",
AUTHOR="Steels, Luc and de Boer, Bart",
BOOKTITLE="Body, Language, and Mind",
EDITOR="Ziemke, Tom and Zlatev, Jordan and Frank, Roslyn M.",
PAGES="411--430",
PUBLISHER="Mouton De Gruyter",
SERIES="Cognitive Linguistics Research",
TITLE="Embodiment and Self-Organization of Human Categories: {A} Case Study for Speech",
VOLUME="1: {E}mbodiment",
YEAR="2007",
}

@ARTICLE { Wellens:08a,
AUTHOR="Wellens, Pieter and Loetzsch, Martin and Steels, Luc",
JOURNAL="Connection Science",
NUMBER="2-3",
PAGES="173--191",
TITLE="Flexible Word Meanings in Embodied Agents",
VOLUME="20",
YEAR="2008",
}

@INPROCEEDINGS { Wang:08b,
ADDRESS="Singapore",
AUTHOR="Wang, Emily and Steels, Luc",
BOOKTITLE="The Evolution of Language. Proceedings of the 7th International Conference on the Evolution of Language",
EDITOR="Smith, Andrew D. M. and Smith, Kenny and Ferrer-i-Cancho, Ramon",
PAGES="362--369",
PUBLISHER="World Scientific",
TITLE="Self-Interested Agents can Bootstrap Symbolic Communication if They Punish Cheaters",
YEAR="2008",
}

@ARTICLE { Steels:08c,
AUTHOR="Steels, Luc and Spranger, Michael",
JOURNAL="Connection Science",
NUMBER="4",
PAGES="337-358",
TITLE="The Robot in the Mirror",
VOLUME="20",
YEAR="2008",
}

@INPROCEEDINGS { Steels:08d,
ADDRESS="Cambridge, MA",
AUTHOR="Steels, Luc and Spranger, Michael",
BOOKTITLE="Artificial Life XI: {P}roceedings of the Eleventh International Conference on the Simulation and Synthesis of Living Systems",
EDITOR="Bullock, Seth and Noble, Jason and Watson, Richard and Bedau, Mark A.",
PAGES="577--584",
PUBLISHER="MIT Press",
TITLE="Can Body Language Shape Body Image?",
YEAR="2008",
}

@INPROCEEDINGS { Loetzsch:08e,
ADDRESS="Berlin",
AUTHOR="Loetzsch, Martin and {van Trijp}, Remi and Steels, Luc",
BOOKTITLE="Modeling Communication with Robots and Virtual Humans",
EDITOR="Wachsmuth, Ipke and Knoblich, Günter",
PAGES="125--142",
PUBLISHER="Springer",
SERIES="LNCS",
TITLE="Typological and Computational Investigations of Spatial Perspective",
VOLUME="4930",
YEAR="2008",
}

@ARTICLE { Steels:08f,
AUTHOR="Steels, Luc and Vilarroya, Oscar",
JOURNAL="Biological Theory",
NUMBER="1",
PAGES="93--98",
TITLE="Biological Roots of the Social Brain",
VOLUME="3",
YEAR="2008",
}

@ARTICLE { baronchelli:08g,
AUTHOR="Baronchelli, Andrea and Loreto, Vittorio and Steels, Luc",
JOURNAL="International Journal of Modern Physics C",
NUMBER="5",
PAGES="785--812",
TITLE="In-Depth Analysis of the Naming Game Dynamics: {T}he Homogeneous Mixing Case",
VOLUME="19",
YEAR="2008",
}

@INPROCEEDINGS {Steels:08h,
    author    = "Steels, Luc and Szathmary, Eörs",
    title     = "Relicator Dynamics and Language Processing",
    booktitle = "Proceedings of the 7th Evolution of Language Conference",
    year      = "2008",
    pages     = "503",
    address   = "Barcelona"
}

@INCOLLECTION { Galantucci:08i,
ADDRESS="Oxford",
AUTHOR="Galantucci, Bruno and Steels, Luc",
BOOKTITLE="Embodied Communication in Humans and Machines",
EDITOR="Wachsmuth, Ipke and Lenzen, Manuela and Knoblich, Günter",
PUBLISHER="Oxford University Press",
TITLE="The Emergence of Embodied Communication in Artificial Agents and Humans",
YEAR="2008",
}

@INCOLLECTION { Steels:08j,
ADDRESS="Oxford",
AUTHOR="Steels, Luc",
BOOKTITLE="Symbols and Embodiment: {D}ebates on Meaning and Cognition",
CHAPTER="12",
EDITOR="de Vega, Manuel",
PUBLISHER="Oxford University Press",
TITLE="The Symbol Grounding Problem Has Been Solved. So What's Next?",
YEAR="2008",
}

@INCOLLECTION { Steels:09a,
ADDRESS="Oxford",
AUTHOR="Steels, Luc and Loetzsch, Martin",
BOOKTITLE="Spatial Language and Dialogue",
EDITOR="Coventry, Kenny R. and Tenbrink, Thora and Bateman, John A.",
PUBLISHER="Oxford University Press",
TITLE="Perspective Alignment in Spatial Language",
YEAR="2009",
}

@INPROCEEDINGS { Bleys:09b,
AUTHOR="Bleys, Joris and Loetzsch, Martin and Spranger, Michael and Steels, Luc",
BOOKTITLE="Proceedings of the 18th IEEE International Symposium on Robot and Human Interactive Communication (Ro-man 2009)",
TITLE="The Grounded Color Naming Game",
YEAR="2009",
}

@INPROCEEDINGS { Goldstone:09c,
AUTHOR="Goldstone, Robert and Griffiths, Thomas and Helbing, Dirk and Gureckis, Todd and Steels, Luc",
BOOKTITLE="Proceedings of the 31th Annual Conference of the Cognitive Science Society",
EDITOR="Taatgen, Niels A. and van Rijn, Hedderik",
PUBLISHER="Cognitive Science Society",
TITLE="The Emergence of Collective Structures Through Individual Interactions",
YEAR="2009",
}

@INPROCEEDINGS { Steels:09d,
AUTHOR="Steels, Luc",
BOOKTITLE="American Institute of Physics Proceedings",
VOLUME="1303", 
PAGES="3-14",
PUBLISHER="The MIT Press",
TITLE="Adaptive Language Games with Robots",
YEAR="2009",
}

@INPROCEEDINGS { Gerasymova:09e,
AUTHOR="Gerasymova, Kateryna and Steels, Luc and {van Trijp}, Remi",
BOOKTITLE="Proceedings of the 31th Annual Conference of the Cognitive Science Society",
EDITOR="Taatgen, Niels A. and van Rijn, Heddrik",
ORGANIZATION="Cognitive Science Society",
PAGES="1370-1375",
TITLE="Aspectual Morphology of Russian Verbs in Fluid Construction Grammar",
YEAR="2009",
}

@INCOLLECTION { Steels:09f,
    author    = "Steels, Luc",
    title     = "The relevance of Agent-Based Language Evolution Models for Archaeology",
    booktitle = "Becoming Eloquent",
    publisher = "John Benjamins",
    year      = "2009",
    editor    = "Hombert, Jean-Marie and d'Errico, Francesco",
    pages     = "267-286",
    address   = "Amsterdam"
}

@INCOLLECTION { Steels:09g,
    author    = "Steels, Luc",
    title     = "Is Sociality a Crucial Prerquisite for the Origins of Language?",
    booktitle = "The Prehistory of Language",
    publisher = "Oxford University Press",
    year      = "2009",
    editor    = "Botha, Rudolph and Knight, Chris",
    chapter   = "3",
    pages     = "36",
    address   = "Oxford",
    month     = "5"
}

@INCOLLECTION { steels:09h,
    author    = "Steels, Luc and Loetzsch, Martin",
    title     = "Babel",
    booktitle = "Evolution of Communication and Language in Embodied Agents",
    publisher = "Springer-Verlag",
    year      = "2009",
    editor    = "Nolfi, Stefan and Mirolli, Marco",
    pages     = "307-313",
    address   = "Berlin"
}

@INPROCEEDINGS { Steels:09i,
ADDRESS="San Francisco",
AUTHOR="Steels, Luc and Spranger, Michael",
BOOKTITLE="IJCAI'09: {P}roceedings of the 21st international joint conference on Artifical intelligence",
PAGES="14--19",
PUBLISHER="Morgan Kaufmann",
TITLE="How Experience of the Body Shapes Language about Space",
YEAR="2009",
}

@INCOLLECTION { Steels:09j,
ADDRESS="Amsterdam",
AUTHOR="Steels, Luc",
BOOKTITLE="Becoming Eloquent: {A}dvances in the Emergence of Language, Human Cognition, and Modern Cultures",
EDITOR="d'Errico, Francesco and Hombert, Jean-Marie",
PAGES="267--286",
PUBLISHER="John Benjamins",
TITLE="Can Agent-Based Language Evolution Contribute to Archeology?",
YEAR="2009",
}

@INCOLLECTION { Steels:09k,
ADDRESS="Cambridge MA",
AUTHOR="Steels, Luc",
BOOKTITLE="Biological Foundations and Origin of Syntax",
EDITOR="Bickerton, Dereck and Szathmary, Eörs",
PAGES="345--368",
PUBLISHER="MIT Press",
SERIES="Strungmann Forum Reports",
TITLE="Cognition and Social Dynamics Play a Major Role in the Formation of Grammar",
VOLUME="3",
YEAR="2009",
}

@INCOLLECTION { Steels:10a,
ADDRESS="Berlin",
AUTHOR="Steels, Luc",
BOOKTITLE="Evolution of Communication and Language in Embodied Agents",
EDITOR="Nolfi, Stefan and Mirolli, Marco",
PAGES="223-261",
PUBLISHER="Springer Verlag",
TITLE="Modeling the Formation of Language in Embodied Agents: {M}ethods, Open Challenges and Embodied Experiments",
YEAR="2010",
}

@INCOLLECTION { Steels:10b,
ADDRESS="Berlin",
AUTHOR="Steels, Luc",
BOOKTITLE="Evolution of Communication and Language in Embodied Agents",
EDITOR="Nolfi, Stefan and Mirolli, Marco",
PAGES="223--233",
PUBLISHER="Springer",
TITLE="Modeling the Formation of Language in Embodied Agents: {M}ethods and Open Challenges",
YEAR="2010",
}

@INCOLLECTION { Steels:10c,
ADDRESS="Berlin",
AUTHOR="Steels, Luc",
BOOKTITLE="Evolution of Communication and Language in Embodied Agents",
EDITOR="Nolfi, Stefan and Mirolli, Marco",
PAGES="235--262",
PUBLISHER="Springer",
TITLE="Modeling the Formation of Language: {E}mbodied Experiments",
YEAR="2010",
}

@INCOLLECTION { Steels:10d,
ADDRESS="Berlin",
AUTHOR="Steels, Luc and Loreto, Vittorio",
BOOKTITLE="Evolution of Communication and Language in Embodied Agents",
EDITOR="Nolfi, Stefan and Mirolli, Marco",
PAGES="283--288",
PUBLISHER="Springer",
TITLE="Modeling the Formation of Language: {C}onclusions and Future Research",
YEAR="2010",
}

@INCOLLECTION { Steels:10e,
ADDRESS="Berlin",
AUTHOR="Steels, Luc and Loetzsch, Martin",
BOOKTITLE="Evolution of Communication and Language in Embodied Agents",
EDITOR="Nolfi, Stefan and Mirolli, Marco",
PAGES="307--313",
PUBLISHER="Springer",
TITLE="Babel: {A} Tool for Running Experiments on the Evolution of Language",
YEAR="2010",
}

@ARTICLE { sole:10f,
AUTHOR="Sole, Ricard V. and Corominas-Murtra, Bernat and Valverde, Sergi and Steels, Luc",
JOURNAL="Complexity",
NUMBER="6",
PAGES="20--26",
TITLE="Language Networks: {T}heir Structure, Function, and Evolution",
VOLUME="15",
YEAR="2010",
}

@INCOLLECTION {Bleys/Steels:11a,
    author    = "Bleys, Joris and Steels, Luc",
    title     = "Linguistic Selection of Language Strategies.",
    booktitle = "Advances in Artificial Life. Darwin Meets von Neumann Lecture Notes in Computer Science",
    publisher = "Springer",
    year      = "2011",
    editor    = "Kampis, George and Karsai, Istvan and Szathmary, Eörs",
    volume    = "5778",
    series    = "Lecture Notes in Computer Science",
    pages     = "150-157",
    address   = "Berlin"
}

@INCOLLECTION { Steels:11b,
ADDRESS="Berlin",
AUTHOR="Steels, Luc",
BOOKTITLE="KI 2011: {A}DVANCES IN ARTIFICIAL INTELLIGENCE",
PAGES="14--25",
PUBLISHER="Springer",
SERIES="LNAI",
TITLE="Why We Need Evolutionary Semantics",
VOLUME="7006",
YEAR="2011",
}

@ARTICLE { Steels:11c,
AUTHOR="Steels, Luc",
JOURNAL="Physics of Life Reviews",
MONTH="12",
NUMBER="4",
PAGES="330-356",
TITLE="Modeling the Cultural Evolution of Language",
VOLUME="8",
YEAR="2011",
}

@BOOK { Steels:11d,
ADDRESS="Amsterdam",
EDITOR="Steels, Luc",
PUBLISHER="John Benjamins",
SERIES="Constructional Approaches to Language",
TITLE="Design Patterns in Fluid Construction Grammar",
VOLUME="11",
YEAR="2011",
}

@INCOLLECTION { Steels:11e,
ADDRESS="Amsterdam",
AUTHOR="Steels, Luc",
BOOKTITLE="Design Patterns in Fluid Construction Grammar",
EDITOR="Steels, Luc and Hild, Manfred",
PAGES="3--30",
PUBLISHER="John Benjamins",
TITLE="Introducing Fluid Construction Grammar",
YEAR="2011",
}

@INCOLLECTION { Steels:11f,
ADDRESS="Amsterdam",
AUTHOR="Steels, Luc",
BOOKTITLE="Design Patterns in Fluid Construction Grammar",
EDITOR="Steels, Luc",
PAGES="31--68",
PUBLISHER="John Benjamins",
TITLE="A First Encounter with Fluid Construction Grammar",
YEAR="2011",
}

@INCOLLECTION { Steels:11g,
ADDRESS="Amsterdam",
AUTHOR="Steels, Luc",
BOOKTITLE="Design Patterns in Fluid Construction Grammar",
EDITOR="Steels, Luc",
PAGES="71--145",
PUBLISHER="John Benjamins",
TITLE="A Design Pattern for Phrasal Constructions",
YEAR="2011",
}

@INCOLLECTION { Steels:11h,
ADDRESS="Amsterdam",
AUTHOR="Steels, Luc and {van Trijp}, Remi",
BOOKTITLE="Design Patterns in Fluid Construction Grammar",
EDITOR="Steels, Luc",
PAGES="301--330",
PUBLISHER="John Benjamins",
SERIES="Constructional Approaches to Language",
TITLE="How to Make Construction Grammars Fluid and Robust",
VOLUME="11",
YEAR="2011",
}

@ARTICLE { vantrijp:12a,
AUTHOR="{van Trijp}, Remi and Steels, Luc",
JOURNAL="Advances in Complex Systems",
NUMBER="3--4",
TITLE="Multilevel Alignment Maintains Language Systematicity",
VOLUME="15",
YEAR="2012",
}

@INCOLLECTION {Steels:12b,
    author    = "Steels, Luc",
    title     = "Evolutionary Language Games as a Paradigm for Integrated AI Research",
    booktitle = "AAAI Spring Symposium",
    publisher = "AAAI Press",
    year      = "2012",
    address   = "Anaheim, CA, USA", 
}

@BOOK { Steels:12d,
ADDRESS="New York",
EDITOR="Steels, Luc and Hild, Manfred",
PUBLISHER="Springer",
TITLE="Language Grounding in Robots",
YEAR="2012",
}

@BOOK { Steels:12e,
ADDRESS="Amsterdam",
EDITOR="Steels, Luc",
PUBLISHER="John Benjamins",
SERIES="Advances in Interaction Studies",
TITLE="Experiments in Cultural Language Evolution",
VOLUME="3",
YEAR="2012",
}

@INCOLLECTION { Steels:12f,
ADDRESS="New York",
AUTHOR="Steels, Luc",
BOOKTITLE="Language Grounding in Robots",
EDITOR="Steels, Luc and Hild, Manfred",
PAGES="1--22",
PUBLISHER="Springer",
TITLE="Grounding Language through Evolutionary Language Games",
YEAR="2012",
}

@INCOLLECTION { spranger:12g,
AUTHOR="Spranger, Michael and Loetzsch, Martin and Steels, Luc",
BOOKTITLE="Language Grounding in Robots",
EDITOR="Steels, Luc and Hild, Manfred",
PAGES="89--110",
PUBLISHER="Springer",
TITLE="A Perceptual System for Language Game Experiments",
YEAR="2012",
}

@INCOLLECTION { spranger:12h,
ADDRESS="New York",
AUTHOR="Spranger, Michael and Pauw, Simon and Loetzsch, Martin and Steels, Luc",
BOOKTITLE="Language Grounding in Robots",
EDITOR="Steels, Luc and Hild, Manfred",
PAGES="153--172",
PUBLISHER="Springer",
TITLE="Open-ended Procedural Semantics",
YEAR="2012",
}

@INCOLLECTION { Steels:12i,
ADDRESS="New York",
AUTHOR="Steels, Luc and De Beule, Joachim and Wellens, Pieter",
BOOKTITLE="Language Grounding in Robots",
EDITOR="Steels, Luc and Hild, Manfred",
PAGES="195--213",
PUBLISHER="Springer",
TITLE="Fluid Construction Grammar on Real Robots",
YEAR="2012",
}

@INCOLLECTION { Steels:12j,
ADDRESS="New York",
AUTHOR="Steels, Luc and Spranger, Michael and {van Trijp}, Remi and Hoefer, Sebastian and Hild, Manfred",
BOOKTITLE="Language Grounding in Robots",
CHAPTER="13",
EDITOR="Steels, Luc and Hild, Mandfred",
PAGES="255--276",
PUBLISHER="Springer",
TITLE="Emergent Action Language on Real Robots",
YEAR="2012",
}

@INCOLLECTION { Steels:12k,
ADDRESS="Amsterdam",
AUTHOR="Steels, Luc",
BOOKTITLE="Experiments in Cultural Language Evolution",
EDITOR="Steels, Luc",
PAGES="1--37",
PUBLISHER="John Benjamins",
TITLE="Self-Organization and Selection in Cultural Language Evolution",
YEAR="2012",
}

@INCOLLECTION { Steels:12l,
ADDRESS="Amsterdam",
AUTHOR="Steels, Luc and Loetzsch, Martin",
BOOKTITLE="Experiments in Cultural Language Evolution",
EDITOR="Steels, Luc",
PAGES="41--59",
PUBLISHER="John Benjamins",
TITLE="The Grounded Naming Game",
YEAR="2012",
}

@INCOLLECTION { Steels:12m,
ADDRESS="Amsterdam",
AUTHOR="Steels, Luc and Spranger, Michael",
BOOKTITLE="Experiments in Cultural Language Evolution",
EDITOR="Steels, Luc",
PAGES="87--109",
PUBLISHER="John Benjamins",
SERIES="Advances in Interaction Studies",
TITLE="Emergent Mirror Systems for Body Language",
VOLUME="3",
YEAR="2012",
}

@INCOLLECTION { spranger:12n,
ADDRESS="Amsterdam",
AUTHOR="Spranger, Michael and Steels, Luc",
BOOKTITLE="Experiments in Cultural Language Evolution",
EDITOR="Steels, Luc",
PAGES="207-232",
PUBLISHER="John Benjamins",
SERIES="Advances in Interaction Studies",
TITLE="Emergent Functional Grammar for Space",
VOLUME="3",
YEAR="2012",
}

@INCOLLECTION { beuls:12o,
ADDRESS="Amsterdam",
AUTHOR="Beuls, Katrien and Steels, Luc and Hoefer, Sebastian",
BOOKTITLE="Experiments in Cultural Language Evolution",
EDITOR="Steels, Luc",
PAGES="233--256",
PUBLISHER="John Benjamins",
TITLE="The Emergence of Internal Agreement Systems",
YEAR="2012",
}

@INCOLLECTION {Steels:12p,
    author    = "Steels, Luc",
    title     = "Design methods for Fluid Construction Grammar",
    booktitle = "Computational Issues in Fluid Construction Grammar",
    publisher = "Springer-Verlag",
    year      = "2012",
    editor    = "Steels, Luc",
    volume    = "7249",
    series    = "LNAI",
    pages     = "3-36",
    address   = "Berlin"
}

@INPROCEEDINGS { vantrijp:12q,
ADDRESS="Avignon",
AUTHOR="{van Trijp}, Remi and Steels, Luc and Beuls, Katrien and Wellens, Pieter",
BOOKTITLE="Proceedings of the 13th Conference of the European Chapter of the Association for Computational Linguistics",
PUBLISHER="ACL",
TITLE="Fluid Construction Grammar: {T}he New Kid on the Block",
YEAR="2012",
}

@ARTICLE {beuls:13a,
    author  = "Beuls, Katrien and Steels, Luc",
    title   = "Agent-Based Models of Strategies for the Emergence and Evolution of Grammatical Agreement",
    journal = "PLOS ONE",
    year    = "2013",
    volume  = "8",
    number  = "3"
}

@INCOLLECTION {Steels:13b,
    author    = "Steels, Luc",
    title     = "How language emerges in situated embodied interactions",
    booktitle = "New Perspectives on the Origins of Language",
    publisher = "John Benjamins",
    year      = "2013",
    editor    = "Lefebvre, Claire and Comrie, Bernard",
    address   = "Amsterdam",
}

@INCOLLECTION {Steels:13c,
    author    = "Steels, Luc",
    title     = "Fluid Construction Grammar",
    booktitle = "Handbook of Construction Grammar",
    publisher = "Oxford University Press",
    year      = "2013",
    editor    = "Hoffmann, Thomas and Trousdale, Graeme",
    address   = "Oxford"
}

@INPROCEEDINGS { wellens:13d,
ADDRESS="Sofia",
AUTHOR="Wellens, Pieter and {van Trijp}, Remi and Beuls, Katrien and Steels, Luc",
BOOKTITLE="Proceedings of the 51st Annual Meeting of the Association for Computational Linguistics",
PAGES="127--132",
PUBLISHER="Association for Computational Linguistics",
TITLE="Fluid Construction Grammar for Historical and Evolutionary Linguistics",
YEAR="2013",
}

@INCOLLECTION {Steels:14a,
    author    = "Steels, Luc",
    title     = "Breaking Down Barriers",
    booktitle = "The Social Origins of Language: {E}arly Society, Communication and Polymodality",
    publisher = "Oxford University Press",
    year      = "2014",
    editor    = "Dor, Daniel and Knight, Chris and Lewis, Jerome",
    address   = "Oxford"
}

@INPROCEEDINGS {Garcia:14b,
    author    = "Garcia, Emília and Steels, Luc",
    title     = "Strategies for the emergence of first-order constituent structure",
    booktitle = "Proceedings of EvoLang X",
    year      = "2014",
    address   = "Vienna"
}

@INPROCEEDINGS {Steels:14c,
    author    = "Steels, Luc and Beuls, Katrien",
    title     = "Crossing Complexity Barriers with Grammar. A case study for agreement systems.",
    booktitle = "Complexity in Language: {D}evelopmental and Evolutionary Perspectives",
    year      = "2014",
    editor    = "Mufwene, Salikoko and Hombert, Jean-Marie and Pellegrino, Fran\c{c}oise and Coupe, Cristophe",
    address   = "Cambridge",
    publisher = "Cambridge University Press"
}


%%%% Extra bibitems from deliverable D4.4.



@BOOK{Kauffman:1995,
  title = {At Home in the Universe: {T}he Search for Laws of Self-Organization and Complexity},
  publisher = {Oxford University Press},
  year = {1993},
  author = {Kauffman, Stuart},
  address = {Oxford, UK}
}


@BOOK{Mitchell:1996,
  title = {An Introduction to Genetic Algorithms.},
  publisher = {Bradford Books. The MIT Press.},
  year = {1996},
  author = {Mitchell, Melanie},
  address = {Cambridge Ma}
}

@ARTICLE {pompei:2011,
    author  = "Pompei, Simone and Loreto, Vittorio and Francesca Tria (2011)", 
    title   = " On the Accuracy of Language Trees.",
    journal = "PLoS ONE",
    year    = "2011",
    volume  = "6",
    number  = "6", 
}

@book{Manning:1999,
	Address = {Cambridge Ma},
	Editor = {Manning, Chris and Schutze, Hinrich},
	Publisher = {The MIT Press},
	Title = {Foundations of Statistical Natural Language Processing},
	Year = {1999}}

@book{goldberg06,
	Address = {Oxford},
	Author = {Goldberg, Adele E.},
	Publisher = {Oxford University Press},
	Title = {Constructions At Work: {T}he Nature of Generalization in Language},
	Year = {2006}}

@book{Shieber:1986,
  address = {Stanford, CA},
  author = {Stuart M. Shieber},
  publisher = {Center for the Study of Language and Information},
  selected = yes,
  series = {CSLI Lecture Notes Series},
  title = {An Introduction to Unification-Based Approaches to Grammar},
  volume = {4},
  year = {1986}
}

@book{Chomsky:1995,
	Address = {Cambridge Ma},
	Author = {Chomsky, Noam},
	Publisher = {The MIT Press},
	Title = {The Minimalist Program},
	Year = {1995}}

@book{Anderson:2002,
	Address = {Cambridge UK},
	Author = {Anderson, Stephen and Lightfoot, David},
	Publisher = {Cambridge University Press},
	Title = {The Language Organ},
	Year = {2002}}

